@inproceedings{Jung:2012:SPE,
 author = {Jung, Jaeyeon and Han, Seungyeop and Wetherall, David},
 title = {Short paper: enhancing mobile application permissions with runtime feedback and constraints},
 booktitle = {Proceedings of the second ACM workshop on Security and privacy in smartphones and mobile devices},
 series = {SPSM '12},
 year = {2012},
 isbn = {978-1-4503-1666-8},
 location = {Raleigh, North Carolina, USA},
 pages = {45--50},
 numpages = {6},
 url = {http://doi.acm.org/10.1145/2381934.2381944},
 doi = {10.1145/2381934.2381944},
 acmid = {2381944},
 publisher = {ACM},
 address = {New York, NY, USA},
 keywords = {permission architecture, smartphone privacy, user study},
}

@inproceedings{Au:PScout,
 author = {Au, Kathy Wain Yee and Zhou, Yi Fan and Huang, Zhen and Lie, David},
 title = {PScout: analyzing the Android permission specification},
 booktitle = {Proceedings of the 2012 ACM conference on Computer and communications security},
 series = {CCS '12},
 year = {2012},
 isbn = {978-1-4503-1651-4},
 location = {Raleigh, North Carolina, USA},
 pages = {217--228},
 numpages = {12},
 url = {http://doi.acm.org/10.1145/2382196.2382222},
 doi = {10.1145/2382196.2382222},
 acmid = {2382222},
 publisher = {ACM},
 address = {New York, NY, USA},
 keywords = {android, permissions, smartphone},
} 

@inproceedings{Felt:Stowaway,
 author = {Felt, Adrienne Porter and Chin, Erika and Hanna, Steve and Song, Dawn and Wagner, David},
 title = {Android permissions demystified},
 booktitle = {Proceedings of the 18th ACM conference on Computer and communications security},
 series = {CCS '11},
 year = {2011},
 isbn = {978-1-4503-0948-6},
 location = {Chicago, Illinois, USA},
 pages = {627--638},
 numpages = {12},
 url = {http://doi.acm.org/10.1145/2046707.2046779},
 doi = {10.1145/2046707.2046779},
 acmid = {2046779},
 publisher = {ACM},
 address = {New York, NY, USA},
 keywords = {android, least privilege, permissions},
} 
