@INPROCEEDINGS{balanza2011ddl,
author={Balanza, M. and Alintanahin, K. and Abendan, O. and Dizon, J. and Caraig, B.}, 
booktitle={Malicious and Unwanted Software (MALWARE), 2011 6th International Conference on}, 
title={DroidDreamLight lurks behind legitimate Android apps}, 
year={2011}, 
month={Oct}, 
pages={73-78}, 
keywords={computer crime;invasive software;mobile computing;operating systems (computers);Android based device users;Android market;DroidDreamLight;cybercriminals;legitimate Android apps;malicious code;malware;personal information;stolen data;Androids;Blogs;Humanoid robots;Malware;Mobile communication;Smart phones}, 
doi={10.1109/MALWARE.2011.6112329},}
