@INPROCEEDINGS{emj08,
  AUTHOR = {William Enck and Patrick McDaniel and Trent Jaeger},
  TITLE = {{PinUP: Pinning User Files to Known Applications}},
  BOOKTITLE = {Proceedings of the 24th Annual Computer Security Applications       Conference (ACSAC)},
  ADDRESS = {Anaheim, CA},
  MONTH = {December},
  YEAR = {2008},
}

@INPROCEEDINGS{ers+07,
  AUTHOR = {William Enck and Sandra Rueda and Yogesh Sreenivasan and Joshua   Schiffman and Luke {St. Clair} and Trent Jaeger and Patrick McDaniel},
  TITLE = {Protecting Users from "Themselves"},
  BOOKTITLE = {Proceedings of the 1st ACM Computer Security Architectures Workshop},
  ADDRESS = {Alexandria, VA},
  MONTH = {November},
  YEAR = {2007},
}

@MISC{mcf09,
  AUTHOR = {Andy McFadden},
  TITLE = {{Backward compatibility for Android applications}},
  HOWPUBLISHED = {\url{http://android-developers.blogspot.com/2009/04/backward-compatibility-for-android.html}},
  MONTH = apr,
  YEAR = 2009,
}

@inproceedings{bodden-icse11,
	Author = {Eric Bodden and Andreas Sewe and Jan Sinschek and Hela Oueslati and Mira Mezini},
	Booktitle = {Proceedings of International Conference on Software Engineering (ICSE'11)},
	Note = {To appear},
	Title = {Taming Reflection},
	Year = {2011}}

@inproceedings{livshits-aplas05,
	Author = {B. Livshits and J. Whaley and M. Lam},
	Booktitle = {Proceedings of 3rd Asian Symposium on Programming Languages and Systems (APLAS'05)},
	Pages = {139-160},
	Title = {Reflection Analysis for Java},
	Year = {2005}}

@MISC{plankton11,
  AUTHOR = {Xuxian Jiang},
  TITLE = {{Security Alert: New Stealthy Android Spyware -- Plankton -- Found in Official Android Market}},
  HOWPUBLISHED = {\url{http://www.csc.ncsu.edu/faculty/jiang/Plankton/}},
  MONTH = jun,
  YEAR = 2011,
}

@misc{exploit-android,
	Author = {{Independent Security Evaluators}},
	Howpublished = {\url{http://securityevaluators.com/content/case-studies/android/index.jsp}},
	Title = {Exploiting Android}}

@misc{fortify,
	Date-Added = {2010-11-11 10:22:17 -0500},
	Date-Modified = {2010-11-11 10:23:38 -0500},
	Howpublished = {\url{https://www.fortify.com/products/fortify360/source-code-analyzer.html}},
	Title = {{Fortify 360 Source Code Analyzer (SCA)}}}

@BOOK{jae08,
  AUTHOR = {Trent Jaeger},
  TITLE = {{Operating System Security, Synthesis Lectures on Inforation
    Security Privacy and Trust}},
  EDITOR = {Morgan and Claypool},
  YEAR = 2008,
}

@TECHREPORT{and72,
  AUTHOR = {Anderson, J. P.},
  TITLE = {{Computer Security Technology Planning Study}},
  ADDRESS = {Hanscom AFB, Bedford, MA},
  INSTITUTION = {Air Force Electronic Systems Division},
  NOTE = {(Also available as Vol. I, DITCAD-758206. Vol. II
      DITCAD-772806).},
  TYPE = {{ESDTR}-73-51},
  YEAR = {1972}
}

@INPROCEEDINGS{zej02,
  AUTHOR = {Xiaolan Zhang and Antony Edwards and Trent Jaeger},
  TITLE = {{Using CQUAL for Static Analysis of Authorization Hook
    Placement}},
  BOOKTITLE = {Proceedings of the USENIX Security Symposium},
  MONTH = aug,
  YEAR = 2002,
}

@TECHREPORT{zjk04,
  AUTHOR = {Xiaolan Zhang and Trent Jaeger and Karry Koved},
  TITLE = {{Applying Static Analysis to Verifying Security
    Properities}},
  INSTITUTION = {IBM Research Division},
  NUMBER = {RC23246 (W0406-083)},
  MONTH = jun,
  YEAR = 2004,
}

@INPROCEEDINGS{cdw04,
  AUTHOR = {Hao Chen and Drew Dean and David Wagner},
  TITLE = {{Model Checking One Million Lines of C Code}},
  BOOKTITLE = {Proceedings of the 11th Annual Network and Distributed System
    Security Symposium (NDSS)},
  MONTH = feb,
  YEAR = 2004,
}

@INPROCEEDINGS{gjj05,
  AUTHOR = {Vinod Ganapathy and Trent Jaeger and Somesh Jha},
  TITLE = {{Automatic Placement of Authorization Hooks in the Linux
    Security Modules Framework}},
  BOOKTITLE = {Proceedings of the ACM Conference on Computer and Communications
    Security (CCS)},
  MONTH = nov,
  YEAR = 2005,
}

@INPROCEEDINGS{gjj06,
  AUTHOR = {Vinod Ganapathy and Trent Jaeger and Somesh Jha},
  TITLE = {{Retrofitting Legacy Code for Authorization Policy
    Enforcement}},
  BOOKTITLE = {Proeceedings of the IEEE Symposium on Security and
    Privacy},
  YEAR = 2006,
}

@INPROCEEDINGS{ejz02,
  AUTHOR = {Antony Edwards and Trent Jaeger and Xiaolan Zhang},
  TITLE = {{Runtime Verification of Authorization Hook Placement for the
    Linux Security Modules Framework}},
  BOOKTITLE = {Proceedings of the ACM Conference on Computer and
    Communications Security (CCS)},
  MONTH = nov,
  YEAR = 2002,
}

@ARTICLE{jez04,
  AUTHOR = {Trent Jaeger and Antony Edwards and Xiaolan Zhang},
  TITLE = {{Consistency Analysis of Authorization Hook Placement in the
    Linux Security Modules Framework}},
  JOURNAL = {ACM Transactions on Information and System Security},
  VOLUME = 7,
  NUMBER = 2,
  MONTH = may,
  YEAR = 2004,
  PAGES = {175--205},
}

@INPROCEEDINGS{fpa06,
  AUTHOR = {Timothy Fraser and Nick L. Petroni Jr. and William A.
    Arbaugh},
  TITLE = {{Applying Flow-sensitive CQUAL to Verify MINIX Authorization
    Check Placement}},
  BOOKTITLE = {Proceedings of the 2006 Workshop on Programming Languages
    and Analysis for Security (PLAS)},
  YEAR = 2006,
}

@INPROCEEDINGS{svzb08,
  AUTHOR = {A. Prasad Sistla and V. N. Venkatakrishnan and Michelle Zhou
    and Hilary Branske},
  TITLE = {{CMV: Automatic Verification of Complete Mediation for Java
    Virtual Machines}},
  BOOKTITLE = {Proceedings of the ACM Symposium on Information, Computer
    and Communications Security (ASIACCS)},
  YEAR = 2008,
}

@ARTICLE{kjm+10,
  AUTHOR = {Dave King and Susmit Jha and Divya Muthukumaran and Trent
    Jaeger and Somesh Jha and Sanjit A. Seshia},
  TITLE = {{Automating Security Mediation Placement}},
  JOURNAL = {Programming Languages and Systems (LNCS)},
  VOLUME = {6012},
  PAGES = {327--344},
  YEAR = 2010,
}

@inproceedings{tzm+08,
  author    = {Lin Tan and
               Xiaolan Zhang and
               Xiao Ma and
               Weiwei Xiong and
               Yuanyuan Zhou},
  title     = {AutoISES: Automatically Inferring Security Specification
               and Detecting Violations},
  booktitle = {Proceedings of the USENIX Security Symposium },
  year      = {2008},
  pages     = {379-394},
}

@TECHREPORT{ksv03,
  AUTHOR = {Doug Kilpatrick and Wayne Salamon and Chris Vance},
  TITLE = {{Securing the X Window System with SELinux}},
  INSTITUTION = {NAI Labs},
  NUMBER = {03-006},
  MONTH = mar,
  YEAR = 2003,
}

@MISC{rus11,
  AUTHOR = {Artem Russakovskii},
  TITLE = {{Massive Security Vulnerability in HTC Android Devices (EVO
      3D, 4G, Thunderbolt, Others) Exposes Phone Numbers, GPS, SMS,
      Email Addresses, Much More}},
  HOWPUBLISHED = {Android Police},
  NOTE =
  {\url{http://www.androidpolice.com/2011/10/01/massive-security-vulnerability-in-htc-android-devices-evo-3d-4g-thunderbolt-others-exposes-phone-numbers-gps-sms-emails-addresses-much-more/}},
  MONTH = oct,
  YEAR = 2011,
}

@MISC{canalys11,
  AUTHOR = {{Canalys}},
  TITLE = {{Android takes almost 50\% share of worldwide smart phone
    market}},
  MONTH = aug,
  YEAR = 2011,
  HOWPUBLISHED =
  {\url{http://www.canalys.com/newsroom/android-takes-almost-50-share-worldwide-smart-phone-market}},
}

@INPROCEEDINGS{enc11,
  AUTHOR = {William Enck},
  TITLE = {{Defending Users Against Smartphone Apps: Techniques and Future Directions}},
  BOOKTITLE = {Proceedings of 7th International Conference on Information Systems Security (ICISS)},
  MONTH = {December},
  YEAR = {2011},
  NOTE = {(Invited)},
}

@INPROCEEDINGS{etml05,
  AUTHOR = {William Enck and Patrick Traynor and Patrick McDaniel and
  Thomas {La Porta}},
  TITLE = {{Exploiting Open Functionality in SMS-Capable Cellular Networks}},
  BOOKTITLE = {Proceedings of the 12th ACM Conference on Computer and Communications
  Security (CCS)},
  MONTH = {November},
  YEAR = {2005},
  PAGES = {393--404},
}

@ARTICLE{teml08,
  AUTHOR = {Patrick Traynor and William Enck and Patrick McDaniel and
    Thomas {La Porta}},
  TITLE = {{Exploiting Open Functionality in SMS-Capable Cellular Networks}},
  JOURNAL = {Journal of Computer Security},
  VOLUME = {16},
  NUMBER = {6},
  MONTH = {December},
  YEAR = {2008},
}

@ARTICLE{teml09,
  AUTHOR = {Patrick Traynor and William Enck and Patrick McDaniel and
    Thomas {La Porta}},
  TITLE = {{Mitigating Attacks on Open Functionality in SMS-Capable Cellular Networks}},
  JOURNAL = {IEEE/ACM Transactions on Networking (TON)},
  YEAR = {2009},
  VOLUME = {17},
  NUMBER = {1},
  MONTH = {Februrary},
}

@INPROCEEDINGS{sje+06,
  AUTHOR = {Luke {St. Clair} and Lisa Johansen and William Enck and  Matthew Pirretti and Patrick Traynor and Patrick McDaniel and Trent Jaeger},
  TITLE = {{Password Exhaustion: Predicting the End of Password Usefulness}},
  BOOKTITLE = {Proceedings of 2nd International Conference on Information Systems Security (ICISS)},
  ADDRESS = {Kolkata, India},
  MONTH = {December},
  YEAR = {2006},
  NOTE = {(Invited)},
}

@INPROCEEDINGS{bep+06,
  AUTHOR = {Kevin Butler and William Enck and Jennifer Plasterr and Patrick Traynor and Patrick McDaniel},
  TITLE = {{Privacy-Preserving Web-Based Email}},
  BOOKTITLE = {Proceedings of 2nd International Conference on Information Systems Security (ICISS)},
  ADDRESS = {Kolkata, India},
  MONTH = {December},
  YEAR = {2006},
}

@ARTICLE{lem07,
  AUTHOR = {Wesam Lootah and William Enck and Patrick McDaniel},
  TITLE = {{TARP: Ticket-based Address Resolution Protocol}},
  JOURNAL = {Computer Networks},
  PUBLISHER = {Elsevier},
  VOLUME = {51},
  NUMBER = {15},
  PAGES = {4322--4337},
  MONTH = {October},
  YEAR = {2007},
}

@INCOLLECTION{bet+08,
 AUTHOR = {Kevin Butler and William Enck and Patrick Traynor and Jennifer Plaster and Patrick McDaniel},
 TITLE = {{Privacy Preserving Web-Based Email}},
 BOOKTITLE = {{Algorithms, Architectures and Information Systems Security, Statistical Science and Interdisciplinary Research}},
 MONTH = {November},
 YEAR = {2008},
 PUBLISHER = {{World Scientific Computing}},
 EDITOR = {Bhargab Bhattacharya, Susmita Sur-Kolay, Subhas Nandy and Aditya Bagchi},
}

@INPROCEEDINGS{ebr+08,
  AUTHOR = {William Enck and Kevin Butler and Thomas Richardson and Patrick McDaniel and Adam Smith},
  TITLE = {{Defending Against Attacks on Main Memory Persistence}},
  BOOKTITLE = {Proceedings of the 24th Annual Computer Security Applications
      Conference (ACSAC)},
  MONTH = {December},
  YEAR = {2008},
  ADDRESS = {Anaheim, CA},
}

@INPROCEEDINGS{tbem08,
  AUTHOR = {Patrick Traynor and Kevin Butler and William Enck and Patrick McDaniel},
  TITLE = {{Realizing Massive-Scale Conditional Access Systems Through Attribute-Based Cryptosystems}},
  BOOKTITLE = {Proceedings of the 15th Annual Network and Distributed System Security Symposium},
  ADDRESS = {San Diego, CA},
  MONTH = {February},
  YEAR = {2008},
}

@ARTICLE{tbe+10,
  AUTHOR = {Patrick Traynor and Kevin Butler and William Enck and Kevin Borders and Patrick McDaniel},
  TITLE = {{malnets: Large-Scale Malicious Networks via Compromised Wireless Access Points}},
  JOURNAL = {Journal of Security and Communication Networks},
  VOLUME = {3},
  NUMBER = {2},
  YEAR = {2010},
  MONTH = {March},
  PAGES = {102--113},
}

@inproceedings{keh+09,
 author = {Klein, Gerwin and Elphinstone, Kevin and Heiser, Gernot and Andronick, June and Cock, David and Derrin, Philip and Elkaduwe, Dhammika and Engelhardt, Kai and Kolanski, Rafal and Norrish, Michael and Sewell, Thomas and Tuch, Harvey and Winwood, Simon},
 title = {seL4: formal verification of an OS kernel},
 booktitle = {Proceedings of the ACM SIGOPS 22nd symposium on Operating systems principles},
 year = {2009},
 pages = {207--220},
} 

@MISC{bouncer12,
  AUTHOR = {Hiroshi Lockheimer},
  TITLE = {{Android and Security}},
  MONTH = feb,
  YEAR = 2012,
  HOWPUBLISHED = {Google Mobile Blog},
  NOTE = {\url{http://googlemobile.blogspot.com/2012/02/android-and-security.html}},
}

@misc{lm11,
    KEY ={Lookout Mobile Security},
    title={Lookout Mobile Security},
    note={\url{https://www.mylookout.com/}},
    year={2011},
}

@misc{n11,
    KEY={{NetQin Mobile Security}},
    title={{NetQin Mobile Security}},
    note={\url{http://www.netqin.com/en/}},
    year={2011},
}

@inproceedings{lyzc09,
    address = {Berlin, Heidelberg},
    title = {{VirusMeter:} Preventing Your Cellphone from Spies},
    volume = {5758},
    isbn = {978-3-642-04341-3, 978-3-642-04342-0},
    shorttitle = {{VirusMeter}},
    booktitle = {Recent Advances in Intrusion Detection},
    publisher = {Springer Berlin Heidelberg},
    author = {Liu, Lei and Yan, Guanhua and Zhang, Xinwen and Chen, Songqing},
    year = {2009},
    pages = {244--264}
}

@INPROCEEDINGS{tps+12,
  AUTHOR = {Vasant Tendulkar and Joe Pletcher and Ashwin Shashidharan and Ryan Snyder and Kevin Butler and William Enck},
  TITLE = {{Abusing Cloud-based Browsers for Fun and Profit}},
  BOOKTITLE = {Proceedings of the 28th Annual Computer Security Applications Conference (ACSAC)},
  MONTH = {December},
  YEAR = {2012},
}

