
%%-- Telco ----------------------------------------------------------

@ARTICLE{teml08a,
  AUTHOR = {Patrick Traynor and William Enck and Patrick McDaniel and Tom La Porta},
  TITLE = {{Exploiting Open Functionality in SMS-Capable Cellular Networks}},
  JOURNAL = {Journal of Computer Security},
  VOLUME = {16},
  NUMBER = {6},
  MONTH = dec,
  YEAR = 2008,
}

@INPROCEEDINGS{tml07,
  AUTHOR = {Patrick Traynor and Patrick McDaniel and Thomas {La Porta}},
  TITLE = {{On Attack Causality in Internet-Connected Cellular Networks}},
  BOOKTITLE = {Proceedings of the USENIX Security Symposium},
  MONTH = august,
  YEAR = 2007,
}

@INPROCEEDINGS{teml06,
  AUTHOR = {Patrick Traynor and William Enck and Patrick McDaniel and
  Tom La Porta},
  TITLE = {Mitigating Attacks on Open Functionality in SMS-Capable
  Cellular Networks},
  BOOKTITLE={Proceedings of the Twelfth Annual International
  Conference on Mobile Computing and Networking (MobiCom)},
  ADDRESS = {Los Angeles, CA},
  MONTH = {September},
  YEAR = {2006},
}

@ARTICLE{teml09b,
  AUTHOR = {Patrick Traynor and William Enck and Patrick McDaniel and Tom La Porta},
  TITLE = {{Mitigating Attacks on Open Functionality in SMS-Capable Cellular Networks}},
  JOURNAL = {IEEE/ACM Transactions on Networking (TON)},
  YEAR = {2009},
  VOLUME = {17},
  NUMBER = {1},
  MONTH = {Februrary},
}


%%-- Android --------------------------------------------------------
@INPROCEEDINGS{bkvs10,
  AUTHOR = {David Barrera and H. G\:{u}nes Kayacik and Paul C. {van
    Oorshot} and Anil Somayaji},
  TITLE = {{A Methodology for Empirical Analysis of Permission-Based
    Security Models and its Application to Android}},
  BOOKTITLE = {Proceedings of the ACM Conference on Computer and
    Communications Security},
  MONTH = oct,
  YEAR = 2010,
}

@MISC{bur08,
  AUTHOR = {Jesse Burns},
  TITLE = {{Developing Secure Mobile Applications for Android}},
  YEAR = 2008,
  MONTH = oct,
  HOWPUBLISHED = {iSEC Partners},
  NOTE = {\url{http://www.isecpartners.com/files/iSEC_Securing_Android_Apps.pdf}},
}

@INPROCEEDINGS{cha09,
  AUTHOR = {Avik Chaudhuri},
  TITLE = {{Language-Based Security on Android}},
  BOOKTITLE = {Proceedings of the ACM SIGPLAN Workshop on Programming
    Languages and Analysis for Security (PLAS)},
  MONTH = jun,
  YEAR = 2009,
}

@INPROCEEDINGS{cnc10,
  AUTHOR = {Mauro Conti and Vu Thien Nga Nguyen and Bruno Crispo},
  TITLE = {{CRePE: Context-Related Policy Enforcement for Android}},
  BOOKTITLE = {Proceedings of the 13th Information Security Conference
    (ISC)},
  MONTH = oct,
  YEAR = 2010,
}

@INPROCEEDINGS{ddsw10,
  AUTHOR = {Lucas Davi and Alexandra Dmitrienko and Ahmad-Reza Sadeghi
    and Marcel Winandy},
  TITLE = {{Privilege Escalation Attacks on Android}},
  BOOKTITLE = {Proceedings of the 13th Information Security Conference
    (ISC)},
  MONTH = oct,
  YEAR = 2010,
}

@INPROCEEDINGS{dgli10,
  AUTHOR = {Alessandro Distefano and Antonio Grillo and Alessandro
    Lentini and Giuseppe F. Ilaliano},
  TITLE = {{SecureMyDroid: Enforcing Security in the Mobile Devices
    Lifecycle}},
  BOOKTITLE = {Proceedings of the 6th Annual Cyber Security and
    Information Intelligence Research Workshop},
  MONTH = apr,
  YEAR = 2010,
}

@ARTICLE{eom09a,
  AUTHOR = {William Enck and Machigar Ongtang and Patrick McDaniel},
  TITLE = {{Understanding Android Security}},
  JOURNAL = {IEEE Security \& Privacy Magazine},
  MONTH = {January/February},
  NUMBER = {1},
  PAGES = {50--57},
  VOLUME = {7},
  YEAR = 2009,
}

@INPROCEEDINGS{eom09b,
  AUTHOR = {William Enck and Machigar Ongtang and Patrick McDaniel},
  TITLE = {{On Lightweight Mobile Phone Application Certification}},
  BOOKTITLE = {Proceedings of the 16th ACM Conference on Computer and
    Communications Security (CCS)},
  MONTH = nov,
  YEAR = 2009,
}

@INPROCEEDINGS{egc+10,
  AUTHOR = {William Enck and Peter Gilbert and Byung-Gon Chun and Landon
    P. Cox and Jaeyeon Jung and Patrick McDaniel and Anmol N. Sheth},
  TITLE = {{TaintDroid: An Information-Flow Tracking System for Realtime
    Privacy Monitoring on Smartphones}},
  BOOKTITLE = {Proceedings of the 9th USENIX Symposium on Operating
    Systems Design and Implementation (OSDI)},
  MONTH = oct,
  YEAR = 2010,
}

@INPROCEEDINGS{lrw10,
  AUTHOR = {Anthony Lineberry and David Luke Richardson and Tim Wyatt},
  TITLE = {{These Aren't the Permissions You're Looking For}},
  BOOKTITLE = {Proceedings of BlackHat},
  YEAR = 2010,
}


@ARTICLE{me10,
  AUTHOR = {Patrick McDaniel and William Enck},
  TITLE = {{Not So Great Expectations: Why Application Markets Haven't
    Failed Security}},
  JOURNAL = {IEEE Security \& Privacy Magazine},
  MONTH = {September/October},
  NUMBER = {5},
  PAGES = {76--78},
  VOLUME = {8},
  YEAR = 2010,
}

@INPROCEEDINGS{nkz10,
  AUTHOR = {Mohammad Nauman and Sohail Khan and Xinwen Zhang},
  TITLE = {{Apex: Extending Android Permission Model and Enforcement
    with User-defined Runtime Constraints}},
  BOOKTITLE = {Proceedings of ASIACCS},
  YEAR = 2010,
}

@INPROCEEDINGS{nyb+09,
  AUTHOR = {Xudong Ni and Zhimin Yang and Xiaole Bai and Adam C.
    Champion and Dong Xuan},
  TITLE = {{DiffUser: Differentiated User Access Control on
    Smartphones}},
  BOOKTITLE = {Proceedings of the 5th IEEE Workshop on Wireless and
    Sensor Networks Security (WSNS)},
  MONTH = oct,
  YEAR = 2009,
}

@INPROCEEDINGS{omem09,
  AUTHOR = {Machigar Ongtang and Stephen McLaughlin and William Enck and
    Patrick McDaniel},
  TITLE = {{Semantically Rich Application-Centric Security in Android}},
  BOOKTITLE = {Proceedings of the 25th Annual Computer Security
    Applications Conference (ACSAC)},
  Month = dec,
  Pages = {340-349},
  Year = 2009,
}

@ARTICLE{omem11,
  AUTHOR = {Machigar Ongtang and Stephen McLaughlin and William Enck and
    Patrick McDaniel},
  TITLE = {{Semantically Rich Application-Centric Security in Android}},
  JOURNAL = {Journal of Security and Communication Networks},
  Year = 2011,
  NOTE = {(Published online August 2011)},
}

@INPROCEEDINGS{obm10,
  AUTHOR = {Machigar Ongtang and Kevin Butler and Patrick McDaniel},
  TITLE = {{Porscha: Policy Oriented Secure Content Handling in
    Android}},
  BOOKTITLE = {Proceedings of the 26th Annual Computer Security
    Applications Conference (ACSAC)},
  MONTH = dec,
  YEAR = 2010,
}

@INPROCEEDINGS{phab10,
  AUTHOR = {Georgios Portokalidis and Philip Homburg and Kostas Anagnostakis
    and Herbert Bos},
  TITLE = {{Paranoid Android: Versatile Protection For Smartphones}},
  BOOKTITLE = {Proceedings of the 26th Annual Computer Security
    Applications Conference (ACSAC)},
  MONTH = dec,
  YEAR = 2010,
}

@MISC{fcf11,
  AUTHOR = {Adam P. Fuchs and Avik Chaudhuri and Jeffrey S. Foster},
  TITLE = {{ScanDroid: Automated Security Certification of Android Applications}},
  HOWPUBLISHED = {\url{http://www.cs.umd.edu/~avik/projects/scandroidascaa/paper.pdf}},
  NOTE = {Accessed January 11, 2011},
}

@TECHREPORT{sbs+08,
  AUTHOR = {Aubrey-Derrick Schmidt and Rainer Bye and Hans-Gunther Schmidt and
    Kamer Ali Yuksel and Osman Kiraz and Jan Clausen and Karsten Raddatz
      and Ahmet Camtepe and Sahin Albayrak},
  TITLE = {{Monitoring Android for Collaborative Anomaly Detection: A First
    Architectural Draft}},
  NUMBER = {TUB-DAI 08/08-02},
  INSTITUTION = {DAI-Labor},
  MONTH = aug,
  YEAR = 2008,
}

@ARTICLE{sfk+10,
  AUTHOR = {Asaf Shabtai and Yuval Fledel and Uri Kanonov and Shlomi
    Dolev and Chanan Glezer},
  TITLE = {{Google Android: A Comprehensive Security Assessment}},
  JOURNAL = {IEEE Security and Privacy Magazine},
  MONTH = {March/April},
  YEAR = 2010,
}

@ARTICLE{sfe10,
  AUTHOR = {Asaf Shabtai and Yuval Fledel and Yuval Elovici},
  TITLE = {{Securing Android-Powered Mobile Devices Using SELinux}},
  JOURNAL = {IEEE Security and Privacy Magazine},
  MONTH = {May/June},
  YEAR = 2010,
}

@INPROCEEDINGS{skft09,
  AUTHOR = {Wook Shin and Shinsaku Kiyomoto and Kazuhide Fukushima and
    Toshiaki Tanaka},
  TITLE = {{Towards Formal Analysis of the Permission-based Security
    Model for Android}},
  BOOKTITLE = {Proceedings of the 5th International Conference on
    Wireless and Mobile Communications},
  YEAR = 2009,
}

@INPROCEEDINGS{skk+10,
  AUTHOR = {Wook Shin and Sanghoon Kwak and Shinsaku Kiyomoto and
    Kazuhide Fukushima and Toshiaki Tanaka},
  TITLE = {{A Small but Non-negligible Flaw in the Android Permission
    Scheme}},
  BOOKTITLE = {Proceedings of the International Symposium on Policies
    for Distributed Systems and Networks},
  YEAR = 2010,
}

@INPROCEEDINGS{skft10,
  AUTHOR = {Wook Shin and Shinsaku Kiyomoto and Kazuhide Fukushima and
    Toshiaki Tanaka},
  TITLE = {{A Formal Model to Analyze the Permission Authorization and
    Enforcement in the Android Framework}},
  BOOKTITLE = {Proceedings of the International Conference on
    Social Computing},
  YEAR = 2010,
}

@INPROCEEDINGS{obe10,
  AUTHOR = {Jon Oberheide},
  TITLE = {{Android Hax}},
  BOOKTITLE = {Proceedings of SummerCon},
  MONTH = jun,
  YEAR = 2010,
}

@INPROCEEDINGS{nkzs10,
  AUTHOR = {Mohammad Nauman and Sohail Khan and Xinwen Zhang and Jean-Pierre
    Seifert},
  TITLE = {{Beyond Kernel-level Integrity Measurement: Enabling Remote
    Attestation for the Android Platform}},
  BOOKTITLE = {Proceedings of the 3rd International Conference on Trust and
    Trustworthy Computing},
  MONTH = jun,
  YEAR = 2010,
}

@INPROCEEDINGS{ssc+08,
  AUTHOR = {Aubrey-Derrick Schmidt and Hans-Gunther Schmidt and Jan Clausen and
    Ahmet Camtepe and Sahin Albayrak},
  TITLE = {{Enhancing Security of Linux-based Android Devices}},
  BOOKTITLE = {Proceedings of the 15th International Linux System Technology
    Conference (Linux-Kongress)},
  YEAR = 2008,
}

@INPROCEEDINGS{sbs+09,
  AUTHOR = {Aubrey-Derrick Schmidt and Rainer By and Hans-Gunther Schmidt and
    Jan Clausen and Osman Kiraz},
  TITLE = {{Static Analysis of Executables for Collaborative Malware Detection
    on Android}},
  BOOKTITLE = {Proceedings of the IEEE International Conference on
    Communications (ICC)},
  YEAR = 2009,
}

%%-- Other Phones: security frameworks ------------------------------

@ARTICLE{djm+08,
  AUTHOR = {Lieven Desmet and Wouter Joosen and Fabio Massacci and
    Pieter Philippaerts and Frank Piessens and Ida Siahaan and Dries
      Vanoverberghe},
  JOURNAL = {Information Security Technical Report},
  NUMBER = {1},
  PAGES = {25--32},
  PUBLISHER = {Elsevier Advanced Technology Publications},
  TITLE = {{Security-by-contract on the .NET platform}},
  VOLUME = {13},
  MONTH = jan,
  YEAR = 2008,
}

@INPROCEEDINGS{mss+08,
  AUTHOR = {Divya Muthukumaran and Anuj Sawani and Joshua Schiffman and
    Brian M. Jung and Trent Jaeger},
  TITLE = {{Measuring Integrity on Mobile Phone Systems}},
  BOOKTITLE = {Proceedings of the ACM Symposium on Access Control Models
    and Technologies (SACMAT)},
  PAGES = {155--164},
  MONTH = jun,
  YEAR = 2008,
}

@INPROCEEDINGS{zas07,
  AUTHOR = {Xinwen Zhang and Onur Acii{\c c}mez and Jean-Pierre Seifert},
  TITLE = {{A Trusted Mobile Phone Reference Architecture via Secure
    Kernel}},
  BOOKTITLE = {Proceedings of the ACM workshop on Scalable Trusted
    Computing},
  PAGES = {7--14},
  MONTH = nov,
  YEAR = 2007,
}

@INPROCEEDINGS{zas09,
  AUTHOR = {Xinwen Zhang and Onur Acii{\c c}mez and Jean-Pierre Seifert},
  TITLE = {{Building Efficient Integrity Measurement and Attestation for Mobile
    Phone Platforms}},
  BOOKTITLE = {Proceedings of the First International ICST Conference on
    Security and Privacy in Mobile Information and Communication Systems
      (MobiSec)},
  MONTH = jun,
  YEAR = 2009,
}

@INPROCEEDINGS{mvdl06,
  AUTHOR = {Collin Mulliner and Giovanni Vigna and David Dagon and Wenke
    Lee},
  TITLE = {{Using Labeling to Prevent Cross-Service Attacks Against
    Smart Phones}},
  BOOKTITLE = {Proceedings of Detection of Intrusions and Malware \&
    Vulnerability Assessment (DIMVA)},
  YEAR = 2006,
}

@INPROCEEDINGS{idc07,
  AUTHOR = {Iulia Ion and Boris Dragovic and Bruno Crispo},
  TITLE = {{Extending the Java Virtual Machine to Enforce Fine-Grained
    Security Policies in Mobile Devices}},
  BOOKTITLE = {Proceedings of the Annual Computer Security Applications
    Conference (ACSAC)},
  MONTH = dec,
  YEAR = 2007,
}

@INPROCEEDINGS{ekkv11,
  AUTHOR = {Manuel Egele and Christopher Kruegel and Engin Kirda and
    Giovanni Vigna},
  TITLE = {{PiOS: Detecting Privacy Leaks in iOS Applications}},
  BOOKTITLE = {Proceedings of the ISOC Network and Distributed System
    Security Symposium (NDSS)},
  MONTH = feb,
  YEAR = 2011,
}

@INPROCEEDINGS{lrh+09,
  AUTHOR = {Yunxin Liu and Ahmad Rahmati and Yuanhe Huang and Hyukjae Jang and
    Lin Zhong and Yongguang Zhang and Shensheng Zhang},
  TITLE = {{xShare: Supporting Impromptu Sharing of Mobile Phones}},
  BOOKTITLE = {Proceedings of the International conference on Mobile
    Systems, Applications, and Services (MobiSys)},
  MONTH = jun,
  YEAR = 2009,
}

@INPROCEEDINGS{lsjm08,
  AUTHOR = {Sung-Min Lee and Sang-bum Suh and Bokdeuk Jeong and Sangdok Mo},
  TITLE = {{A Multi-Layer Mandatory Access Control Mechanism for Mobile Devices
    Based on Virtualization}},
  BOOKTITLE = {Proceedings of the 5th IEEE Consumer Communications and
    Networking Conference (CCNC)},
  MONTH = jan,
  YEAR = 2008,
}

@INPROCEEDINGS{win08,
  AUTHOR = {Johannes Winter},
  TITLE = {{Trusted Computing Building Blocks for Embedded Linux-based
    ARM TrustZone Platforms}},
  BOOKTITLE = {Proceedings of the 3rd ACM workshop on Scalable Trusted
    Computing (STC)},
  MONTH = oct,
  YEAR = 2008,
}

%%-- Proof of concept malware ---------------------------------------

@INPROCEEDINGS{bob+10,
  AUTHOR = {Jeffrey Bickford and Ryan {O'Hare} and Arati Baliga and
    Vinode Ganapathy and Liviu Iftode},
  TITLE = {{Rootkits on Smart Phones: Attacks, Implications and
    Opportunities}},
  BOOKTITLE = {Proceedings of the International Workshop on Mobile
    Computing Systems and Applications (HotMobile)},
  Pages = {49--54},
  MONTH = feb,
  YEAR = 2010,
}

%%-- Malware Detection ----------------------------------------------

@INPROCEEDINGS{cwyl07,
  AUTHOR = {Jerry Cheng and Starsky H.Y. Wong and Hao Yang and Songwu
    Lu},
  TITLE = {{SmartSiren: Virus Detection and Alert for Smartphones}},
  BOOKTITLE = {Proceedings of the International conference on Mobile
    Systems, Applications, and Services (MobiSys)},
  MONTH = jun,
  YEAR = 2007,
}

@INPROCEEDINGS{ovc+08,
  AUTHOR = {Jon Oberheide and Kaushik Veeraraghavan and Evan Cooke and
    Jason Flinn and Farnam Jahanian},
  TITLE = {{Virtualized In-Cloud Security Services for Mobile Devices}},
  BOOKTITLE = {Proceedings of the 1st Workshop on Virtualization in
    Mobile Computing},
  MONTH = jun,
  YEAR = 2008,
}

%% Can't find PDF, but abstract is pretty clear on contributions
@ARTICLE{vh08,
  AUTHOR = {Deepak Venugopal and Guoning Hu},
  TITLE = {{Efficient Signature Based Malware Detection on Mobile Devices}},
  JOURNAL = {Mobile Information Systems},
  VOLUME = 4,
  NUMBER = 1,
  MONTH = jan,
  YEAR = 2008,
}

@INPROCEEDINGS{nmhh05,
  AUTHOR = {Daniel C. Nash and Thomas L. Martin and Dong S. Ha and Michael S.
    Hsiao},
  TITLE = {{Towards an Intrustion Detection System for Battery Exhaustion
    Attacks on Mobile Computing Devices}},
  BOOKTITLE = {Proceedings of the 3rd International Conference on Pervasive
    Computing and Communications Workshops (PerCom Workshops)},
  YEAR = 2005,
}

@INPROCEEDINGS{kss08,
  AUTHOR = {Hahnsang Kim and Joshua Smith and Kang G. Shin},
  TITLE = {{Detecting Energy-Greedy Anomalies and Mobile Malware Variants}},
  BOOKTITLE = {Proceedings of the 6th International Conference on Mobile
    Systems, Applications, and Services (MobiSys)},
  PAGES = {239--252},
  MONTH = jun,
  YEAR = 2008,
}

@INPROCEEDINGS{jd04,
  AUTHOR = {Grant A. Jacoby and Nathaniel J. Davis},
  TITLE = {{Battery-Based Intrusion Detection}},
  BOOKTITLE = {Proceedings of the IEEE Global Telecommunications Conference
    (GLOBECOM)},
  MONTH = jan,
  YEAR = 2004,
}

@ARTICLE{sm97,
  AUTHOR = {Didier Samfat and Refik Molva},
  TITLE = {{IDAMN: An Intrustion Detection Architecture for Mobile Networks}},
  JOURNAL = {IEEE Journal on Selected Areas in Communications},
  VOLUME = 15,
  NUMBER = 7,
  MONTH = sep,
  YEAR = 1997,
}

@INPROCEEDINGS{mhh06,
  AUTHOR = {Markus Miettinen and Perttu Halonen and Kimmo Hatonen},
  TITLE = {{Host-Based Intrusion Detection for Advanced Mobile Devices}},
  BOOKTITLE = {Proceedings of the 20th International Conference on Advanced
    Information Networking and Applications (AINA)},
  MONTH = apr,
  YEAR = 2006,
}

@INPROCEEDINGS{bhs08,
  AUTHOR = {Abhijit Bose and Xin Hu and Kang G. Shin and Teojoon Park},
  TITLE = {{Behavioral Detection of Malware on Mobile Handsets}},
  BOOKTITLE = {Proceedings of the 6th International Conference on Mobile
    Systems, Applications, and Services (MobiSys)},
  MONTH = jun,
  YEAR = 2008,
}

@INPROCEEDINGS{spla08,
  AUTHOR = {Aubrey-Derrick Schmidt and Frank Peters and Florian Lamour and
    Sahin Albayrak},
  TITLE = {{Monitoring Smartphones for Anomaly Detection}},
  BOOKTITLE = {Proceedings of the 1st International Conference on MOBILe
    Wireless MiddleWARE, Operating Systems, and Applications (MOBILWARE)},
  YEAR = 2008,
}

@ARTICLE{spl+09,
  AUTHOR = {Aubrey-Derrick Schmidt and Frank Peters and Florian Lamour and
    Christian Scheel and Seyit Ahmet Camtepe and Sahin Albayrak},
  TITLE = {{Monitoring Smartphones for Anomaly Detection}},
  JOURNAL = {Mobile Networks and Applications},
  VOLUME = {14},
  NUMBER = {1},
  MONTH = {February},
  YEAR = {2009},
  PAGES = {92--106},
}

@ARTICLE{ske+11,
  AUTHOR = {Asaf Shabtai and Uri Kanonov and Yuval Elovici and Chanan Glezer
    and Yael Weiss},
  TITLE = {{``Andromaly'': A Behavioral Malware Detection Framework for Android
    Devices}},
  JOURNAL = {Journal of Intelligent Information Systems},
  NOTE = {Published online January 2011},
  YEAR = 2011,
}


%%-- Unclassified ---------------------------------------------------

@INPROCEEDINGS{kbs09,
  AUTHOR = {Amy K. Karlson and A.J. Bernheim Brush and Stuart
    Schechter},
  TITLE = {{Can I Borrow Your Phone? Understanding Concerns When Sharing
    Mobile Phones}},
  BOOKTITLE = {Proceedings of the Conference on Human Factors in
    Computing Systems (CHI)},
  MONTH = apr,
  YEAR = 2009,
}

@ARTICLE{dms04,
  AUTHOR = {David Dagon and Tom Martin and Thad Starner},
  TITLE = {{Mobile Phones as Computing Devices: The Viruses are Coming!}},
  JOURNAL = {IEEE Pervasive Computing},
  VOLUME = {3},
  NUMBER = {4},
  PAGES = {11--15},
  MONTH = {October-December},
  YEAR = 2004,
}

@INPROCEEDINGS{gwz04,
  AUTHOR = {Chuanxiong Guo and Helen J. Wang and Wenwu Zhu},
  BOOKTITLE = {Proceedings of the 3rd Workshop on Hot Topics in Networks
    (HotNets)},
  TITLE = {{Smart-Phone Attacks and Defenses}},
  YEAR = 2004,
}

@INPROCEEDINGS{ssb+10,
  AUTHOR = {Aubry-Derrick Schmidt and Hans-Gunther Schmidt and Leonid Batyuk
    and Jan Hendrik Clausen and Seyit Ahmet Camtepe and Sahin Albayrak},
  TITLE = {{Smartphone Malware Evolution Revisited: Android Next Target?}},
  BOOKTITLE = {Proceedings of the 4th International Conference on Malicious and
    Unwanted Software (MALWARE)},
  MONTH = oct,
  YEAR = 2009,
}

@INPROCEEDINGS{cm09,
  AUTHOR = {Byung-Gon Chun and Petros Maniatis},
  TITLE = {{Augmented Smartphone Applications Through Clone Cloud Execution}},
  BOOKTITLE = {Proceedings of the 12th Conference on Hot Topics in Operating
    Systems (HotOS)},
  YEAR = 2009,
}

%%-- Virus Descriptions ---------------------------------------------

@MISC{cabir,
  AUTHOR = {{F-Secure Corporation}},
  TITLE = {{Virus Description: Cabir}},
  HOWPUBLISHED = {\url{http://www.f-secure.com/v-descs/cabir.shtml}},
  NOTE = {Accessed March 2009},
}

@MISC{lasco,
  AUTHOR = {{F-Secure Corporation}},
  TITLE = {{Virus Description: Lasco.A}},
  HOWPUBLISHED = {\url{http://www.f-secure.com/v-descs/lasco_a.shtml}},
  NOTE = {Accessed March 2009},
}

@MISC{commwarrior,
  AUTHOR = {{F-Secure Corporation}},
  TITLE = {{Virus Description: Commwarrior}},
  HOWPUBLISHED = {\url{http://www.f-secure.com/v-descs/commwarrior.shtml}},
  NOTE = {Accessed March 2009},
}

@MISC{skulls,
  AUTHOR = {{F-Secure Corporation}},
  TITLE = {{Virus Description: Skulls.A}},
  HOWPUBLISHED = {\url{http://www.f-secure.com/v-descs/skulls.shtml}},
  NOTE = {Accessed March 2009},
}

@MISC{drever,
  AUTHOR = {{F-Secure Corporation}},
  TITLE = {{Virus Description: Drever.A}},
  HOWPUBLISHED = {\url{http://www.f-secure.com/v-descs/drever_a.shtml}},
  NOTE = {Accessed March 2009},
}

@MISC{cardblock,
  AUTHOR = {{F-Secure Corporation}},
  TITLE = {{Virus Description: Cardblock.A}},
  HOWPUBLISHED = {\url{http://www.f-secure.com/v-descs/cardblock_a.shtml}},
  NOTE = {Accessed March 2009},
}

@MISC{pbstealer,
  AUTHOR = {{F-Secure Corporation}},
  TITLE = {{Virus Description: Pbstealer.A}},
  HOWPUBLISHED = {\url{http://www.f-secure.com/v-descs/pbstealer_a.shtml}},
  NOTE = {Accessed March 2009},
}

@MISC{viver,
  AUTHOR = {{F-Secure Corporation}},
  TITLE = {{Virus Description: Viver.A}},
  HOWPUBLISHED = {\url{http://www.f-secure.com/v-descs/trojan_symbos_viver_a.shtml}},
  NOTE = {Accessed March 2009},
}

@MISC{yxe,
  AUTHOR = {{F-Secure Corporation}},
  TITLE = {{Virus Description: Worm:SymbOS/Yxe.A}},
  HOWPUBLISHED = {\url{http://www.f-secure.com/v-descs/worm_symbos_yxe.shtml}},
  NOTE = {Accessed March 2009},
}


%%-- Need to Merge --------------------------------------------------

@INPROCEEDINGS{flj+07,
  AUTHOR = {Chris Fleizach and Michael Liljenstam and Per Johansson and
    Geoffrey M. Moelker and Andr\'{a}s M\'{e}hes},
  TITLE = {{Can you Infect Me Now? Malware Propagation in Mobile Phone
    Networks}},
  BOOKTITLE = {Proceedings of the ACM Workshop On Rapid Malcode (WORM)},
  MONTH = {Novermber},
  YEAR = {2007},
  PAGES = {61--68},
}

@INPROCEEDINGS{bs06,
  AUTHOR = {Abhijit Bose and Kang G. Shin},
  TITLE = {{On Mobile Viruses Exploiting Messaging and Bluetooth
    Services}},
  BOOKTITLE = {Proceedings of the International Conference on Security
    and Privacy in Communication Networks (SecureComm)},
  MONTH = {August},
  YEAR = {2006},
  PAGES = {1--10},
}

@TECHREPORT{sa08,
  AUTHOR = {Aubrey-Derrick Schmidt and Sahin Albayrak},
  TITLE = {{Malicious Software for Smartphones}},
  INSTITUTION = {DAI-Labor},
  NUMBER = {TUB-DAI 02/08-01},
  MONTH = {February},
  YEAR = {2008},
}

@INPROCEEDINGS{jzc04,
  AUTHOR = {Jazilah Jamaluddin and Nikoletta Zotou and Reuben Edwards
    and Paul Coulton},
  TITLE = {{Mobile Phone Vulnerabilities: A New Generation of Malware}},
  BOOKTITLE= {Proceedings of the IEEE International Symposium on
    Consumer Electronics},
  MONTH = {September},
  YEAR = {2004},
  PAGES = {199--202},
}

@INPROCEEDINGS{xzl+09,
  AUTHOR = {Nan Xu and Fan Zhang and Yisha Luo and Weijia Jia and Dong
    Xuan and Jin Teng},
  TITLE = {{Stealthy Video Capturer: A New Video-based Spyware in 3G
    Smartphones}},
  BOOKTITLE = {Proceedings of the ACM Conference on Wireless Network
    Security (WiSec)},
  MONTH = {March},
  YEAR = {2009},
}

@MISC{hyp07,
  AUTHOR = {Mikko Hypp\"{o}nen},
  TITLE = {{Mobile Malware}},
  MONTH = {August},
  YEAR = {2007},
  HOWPUBLISHED = {USENIX Security Symposium},
  NOTE = {Invited Talk},
}

%% -- Virus News

@MISC{cabir_outbreak,
  AUTHOR = {{F-Secure Corporation}},
  TITLE = {{TeliaSonera Finland and F-Secure united against mobile viruses:
    Cabir spreads at the World Championships}},
  MONTH = {August},
  YEAR = {2005},
  HOWPUBLISHED = {\url{http://www.f-secure.com/en_EMEA/about-us/pressroom/news/2005/fs_news_20050811_1_eng.html}},
}

@MISC{fsecure_spyware,
  AUTHOR = {{F-Secure Corporation}},
  TITLE = {{Just because it's Signed doesn't mean it isn't spying on
    you}},
  MONTH = {May},
  YEAR = {2007},
  HOWPUBLISHED = {\url{http://www.f-secure.com/weblog/archives/00001190.html}},
}

%% -- botnet analysis

@INPROCEEDINGS{pmp08,
  AUTHOR = {Michalis Polychronakis and Panayiotis Mavrommatis and Niels
    Provos},
  TITLE = {{Ghost Turns Zombie: Exploring the Life Cycle of Web-based
    Malware}},
  BOOKTITLE = {Proceedings of the USENIX Workshop on Large-Scale and
    Emergent Threats (LEET)},
  MONTH = {April},
  YEAR = {2008},
}

@INPROCEEDINGS{krh07,
  AUTHOR = {Anestis Karasaridis and Brian Rexroad and David Hoeflin},
  TITLE = {{Wide-Scale Botnet Detection and Characterization}},
  BOOKTITLE = {Proceedings of the USENIX Workshop on Hot Topics in
    Understanding Botnets},
  MONTH = {April},
  YEAR = {2007},
}

@MISC{gtisc09,
  AUTHOR = {{Georgia Tech Information Security Center}},
  TITLE = {{Emerging Cyber Threats Report for 2009}},
  MONTH = {October},
  YEAR = {2008},
  HOWPUBLISHED =
  {\url{http://www.gtisc.gatech.edu/pdf/CyberThreatsReport2009.pdf}},
}

@INPROCEEDINGS{tlo+09,
  AUTHOR = {Patrick Traynor and Michael Lin and Machigar Ongtang and
    Vikhyath Rao and Trent Jaeger and Thomas {La Porta} and Patrick
      McDaniel},
  TITLE = {{On Cellular Botnets: Measuring the Impact of Malicious
    Devices on a Cellular Network Core}},
  BOOKTITLE = {Proceedings of the 16th ACM Conference on Computer and
    Communications Security (CCS)},
  MONTH = {November},
  YEAR = {2009},
}

@INPROCEEDINGS{lpl+09,
  AUTHOR = {Hong Lu and Wei Pan and Nicholas D. Lane and Tanzeem
    Choudhury and Andrew T. Campbell},
  TITLE = {{SoundSense: Scalable Sound Sensing for People-Centric
    Applications on Mobile Phones}},
  BOOKTITLE = {Proceedings of the 7th International Conference on Mobile
    Systems, Applications, and Services (MobiSys)},
  YEAR = {2009},
  MONTH = {June},
  PAGES = {165--178},
}

@INPROCEEDINGS{kcc+09,
  AUTHOR = {Predrag Klasnja and Sunny Consolvo and Tanzeem Choudhury and
    Richard Beckwith and Jeffrey Hightower},
  TITLE = {{Exploring Privacy Concerns about Personal Sensing}},
  BOOKTITLE = {Proceedings of the 7th International Conference on
    Pervasive Computing},
  PAGES = {178--183},
  YEAR = {2009},
}

@INPROCEEDINGS{brp+09,
  AUTHOR = {Rajesh Krishna Balan and Narayan Ramasubbu and Komsit
    Prakobphol and Nicholas Christin and Jason Hong},
  TITLE = {{mFerio: The Design and Evaluation of a Peer-to-Peer Mobile
    Payment System}},
  BOOKTITLE = {Proceedings of the 7th International Conference on Mobile
    Systems, Applications, and Services (MobiSys)},
  YEAR = {2009},
  MONTH = {June},
  PAGES = {291--304},
}

@ARTICLE{sas06,
  AUTHOR = {Dongwook Shin and Jinyoung Ahn and Choon Shim},
  TITLE = {{Progressive Multi Gray-Leveling: A Voice Spam Protection
    Algorithm}},
  JOURNAL = {IEEE Network},
  VOLUME = {20},
  NUMBER = {5},
  MONTH = {September-October},
  YEAR = {2006},
  PAGES = {18--24},
}

% New Stuff ----------------------------------------------------------

@INPROCEEDINGS{eomc11,
  AUTHOR = {William Enck and Damien Octeau and Patrick McDaniel and Swarat Chaudhuri},
  TITLE = {{A Study of Android Application Security}},
  BOOKTITLE = {Proceedings of the 20th USENIX Security Symposium},
  MONTH = {August},
  YEAR = {2011},
}

@INPROCEEDINGS{fwm+11,
  AUTHOR = {Adrienne Porter Felt and Helen J. Wang and Alexander
    Moshchuk and Steven Hanna and Erika Chin},
  TITLE = {{Permission Re-Delegation: Attacks and Defenses}},
  BOOKTITLE = {Proceedings of the 20th USENIX Security Symposium},
  MONTH = {August},
  YEAR = {2011},
}

@INPROCEEDINGS{dsp+11,
  AUTHOR = {Michael Dietz and Shashi Shekhar and Yuliy Pisetsky and
    Anhei Shu and Dan S. Wallach},
  TITLE = {{Quire: Lightweight Provenance for Smart Phone Operating
    Systems}},
  BOOKTITLE = {Proceedings of the 20th USENIX Security Symposium},
  MONTH = {August},
  YEAR = {2011},
}

@INPROCEEDINGS{cfgw11,
  AUTHOR = {Erika Chin and Adrienne Porter Felt and Kate Greenwood and David Wagner},
  TITLE = {{Analyzing Inter-Application Communication in Android}},
  BOOKTITLE = {Proceedings of the 9th Annual International Conference on Mobile
    Systems, Applications, and Services (MobiSys)},
  YEAR = 2011,
}

@INPROCEEDINGS{fch+11,
  AUTHOR = {Adrienne Porter Felt and Erika Chin and Steve Hanna and Dawn
    Song and David Wagner},
  TITLE = {{Android Permissions Demystified}},
  BOOKTITLE = {Proceedings of the ACM Conference on Computer and
    Communications Security (CCS)},
  YEAR = 2011,
}

@INPROCEEDINGS{fgw11,
  AUTHOR = {Adrienne Porter Felt and Kate Greenwood and David Wagner},
  TITLE = {{The Effectiveness of Application Permissions}},
  BOOKTITLE = {Proceedings of the USENIX Conference on Web Application
    Development (WebApps)},
  YEAR = 2011,
}

@INPROCEEDINGS{fw11,
  AUTHOR = {Adrienne Porter Felt and David Wagner},
  TITLE = {{Phishing on Mobile Devices}},
  BOOKTITLE = {Proceedings of the Workshop on Web 2.0 Security and
    Privacy (W2SP)},
  YEAR = 2011,
}

@INPROCEEDINGS{ffc+11,
  AUTHOR = {Adrienne Porter Felt and Matthew Finifter and Erika Chin and
    Steve Hanna and David Wagner},
  TITLE = {{A Survey of Mobile Malware in the Wild}},
  BOOKTITLE = {Proceedings of the ACM Workshop on Security and Privacy
    in Mobile Devices (SPSM)},
  YEAR = 2011,
}

@INPROCEEDINGS{bzn11,
  AUTHOR = {Iker Burguera and Urko Zurutuza and Simin Nadjm-Tehrani},
  TITLE = {{Crowdroid: Behavior-Based Malware Detection System for Android}},
  BOOKTITLE = {Proceedings of the ACM Workshop on Security and Privacy
    in Mobile Devices (SPSM)},
  YEAR = 2011,
}

@INPROCEEDINGS{djjm11,
  AUTHOR = {Bryan Dixon and Yifei Jiang and Abhishek Jaiantilal and
    Shivakant Mishra},
  TITLE = {{Short Paper: Location Based Power Analysis to Detect
    Malicious Code in Smartphones}},
  BOOKTITLE = {Proceedings of the ACM Workshop on Security and Privacy
    in Mobile Devices (SPSM)},
  YEAR = 2011,
}

@INPROCEEDINGS{gphb11,
  AUTHOR = {Kevin Gudeth and Matthew Pirretti and Katrin Hoeper and Ron
    Buskey},
  TITLE = {{Short Paper: Delivering Secure Applications on Commercial
    Mobile Devices: The Case for Bare Metal Hypervisors}},
  BOOKTITLE = {Proceedings of the ACM Workshop on Security and Privacy
    in Mobile Devices (SPSM)},
  YEAR = 2011,
}

@INPROCEEDINGS{lll+11,
  AUTHOR = {Matthias Lange and Steffen Liebergeld and Adam Lackorzynski
    and Alexander Warg and Michael Peter},
  TITLE = {{L4Android: A Generic Operating System Framework for Secure
    Smartphones}},
  BOOKTITLE = {Proceedings of the ACM Workshop on Security and Privacy
    in Mobile Devices (SPSM)},
  YEAR = 2011,
}

@INPROCEEDINGS{bdd+11,
  AUTHOR = {Sven Bugiel and Lucas Davi and Alexandra Dmitrienko and
    Stephan Heuser and Ahmad-Reza Sadeghi and Bhargava Shastry},
  TITLE = {{Practical and Lightweight Domain Isolation on Android}},
  BOOKTITLE = {Proceedings of the ACM Workshop on Security and Privacy
    in Mobile Devices (SPSM)},
  YEAR = 2011,
}

@INPROCEEDINGS{azh+11,
  AUTHOR = {Kathy Au and Billy Zhou and Zhen Huang and Phillipa Gill and David
    Lie},
  TITLE = {{Short Paper: A Look at SmartPhone Permission Models}},
  BOOKTITLE = {Proceedings of the ACM Workshop on Security and Privacy
    in Mobile Devices (SPSM)},
  YEAR = 2011,
}

@INPROCEEDINGS{vcc11,
  AUTHOR = {Timothy Vidas and Nicolas Cristin and Lorrie Faith Cranor},
  TITLE = {{Curbing Android Permission Creep}},
  BOOKTITLE = {Proceedings of the Workshop on Web 2.0 Security and
    Privacy (W2SP)},
  YEAR = 2011,
}

@INPROCEEDINGS{szz+11,
  AUTHOR = {Roman Schlegel and Kehuan Zhang and Xiaoyong Zhou and Mehool
    Intwala and Apu Kapadia and XiaoFeng Wang},
  TITLE = {{Soundcomber: A Stealthy and Context-Aware Sound Trojan for
    Smartphones}},
  BOOKTITLE = {Proceedings of the 18th Annual Network and Distributed
    System Security Symposium (NDSS)},
  YEAR = 2011,
}

@INPROCEEDINGS{brss11,
  AUTHOR = {Alastair R. Beresford and Andrew Rice and Nicholas Skehin
    and Ripduman Sohan},
  TITLE = {{MockDroid: Trading Privacy for Application Functionality on
    Smartphones}},
  BOOKTITLE = {Proceedings of the 12th Workshop on Mobile Computing
    Systems and Applications (HotMobile)},
  YEAR = 2011,
}

@INPROCEEDINGS{mvct11,
  AUTHOR = {Philip Marquardt and Arunabh Verma and Henry Carter and
    Patrick Traynor},
  TITLE = {{(sp)iPhone: Decoding Vibrations From Nearby Keyboards Using
    Mobile Phone Accelerometers}},
  BOOKTITLE = {Proceedings of the ACM Conference on Computer and
    Communications Security (CCS)},
  YEAR = 2011,
}

@INPROCEEDINGS{hhj+11,
  AUTHOR = {Peter Hornyack and Seungyeop Han and Jaeyeon Jung and Stuart
    Schechter and David Wetherall},
  TITLE = {{These Aren't the Droids You're Looking For: Retrofitting
    Android to Protect Data from Imperious Applications}},
  BOOKTITLE = {Proceedings of the ACM Conference on Computer and
    Communications Security (CCS)},
  YEAR = 2011,
}

@TECHREPORT{TR-11-06,
  AUTHOR = {David Barrera and William Enck and Paul C. {van Oorschot}},
  TITLE = {{Seeding a Security-Enhancing Infrastructure for Multi-market Application Ecosystems}},
  NUMBER = {TR-11-06},
  INSTITUTION = {Carleton University, School of Computer Science},
  ADDRESS = {Ottawa, ON, Canada},
  MONTH = {April},
  YEAR = {2011},
}

@TECHREPORT{bdfs11,
  AUTHOR = {Sven Bugiel and Lucas Davi and Alexandra Dmitrienko and
    Thomas Fischer and Ahmad-Reza Sadeghi},
  TITLE = {{XManDroid: A New Android Evolution to Mitigate Privilege
    Escalation Attacks}},
  NUMBER = {TR-2011-04},
  INSTITUTION = {Technische Universitat Darmstadt, Center for
    Advanced Security Research Darmstadt},
  ADDRESS = {Darmstadt, Germany},
  MONTH = apr,
  YEAR = 2011,
}

@TECHREPORT{NAS-0094,
       AUTHOR = {William Enck and Machigar Ongtang and Patrick McDaniel},
       TITLE = {{Mitigating Android Software Misuse Before It Happens}},
       NUMBER = {NAS-TR-0094-2008},
       INSTITUTION = {Network and Security Research Center},
       ADDRESS = {Department of Computer Science and Engineering, Pennsylvania State University, University Park, PA, USA},
       MONTH = sep,
       YEAR = {2008},
}

@MISC{vmware-mobile,
  AUTHOR = {{VMware, Inc.}},
  TITLE = {{VMware Mobile Virtualization Platform}},
  HOWPUBLISHED = {\url{http://www.vmware.com/products/mobile/}},
  NOTE = {Accessed January 2011},
}

@INPROCEEDINGS{zzjf11,
  AUTHOR = {Yajin Zhou and Xinwen Zhang and Xuxian Jiang and Vincent W.
    Freeh},
  TITLE = {{Taming Information-Stealing Smartphone Applications (on
      Android)}},
  BOOKTITLE = {Proceedings of the International Conference on Trust and
    Trustworthy Computing (TRUST)},
  MONTH = jun,
  YEAR = 2011,
}

@INPROCEEDINGS{gccj11,
  AUTHOR = {Peter Gilbert and Byung-Gon Chun and Landon P. Cox and
    Jaeyeon Jung},
  TITLE = {{Vision: Automated Security Validation of Mobile Apps at App
    Markets}},
  BOOKTITLE = {Proceedings of the International Workshop on Mobile Cloud
    Computing and Services (MCS)},
  YEAR = 2011,
}

%----- even newer ------
@INPROCEEDINGS{gzwj12,
  AUTHOR = {Michael Grace and Yajin Zhou and Zhi Wang and Xuxian Jiang},
  TITLE = {{Systematic Detection of Capability Leaks in Stock Android
    Smartphones}},
  BOOKTITLE = {Proceedings of the Network and Distributed System
    Security Symposium},
  MONTH = feb,
  YEAR = 2012,
}

@INPROCEEDINGS{zwzj12,
  AUTHOR = {Yajin Zhou and Zhi Wang and Wu Zhou and Xuxian Jiang},
  TITLE = {{Hey, You, Get off of My Market: Detecting Malicious Apps in
    Official and Alternative Android Markets}},
  BOOKTITLE = {Proceedings of the Network and Distributed System
    Security Symposium},
  MONTH = feb,
  YEAR = 2012,
}

% XManDroid-sh published paper
@INPROCEEDINGS{bdd+12,
  AUTHOR = {Sven Bugiel and Lucas Davi and Alexandra Dmitrienko and Thomas
    Fischer and Ahmad-Reza Sadeghi and Bhargava Shastry},
  TITLE = {{Toward Taming Privilege-Escalation Attacks on Android}},
  BOOKTITLE = {Proceedings of the Network and Distributed System Security Symposium},
  YEAR = 2012,
}

@INPROCEEDINGS{dde+12,
  AUTHOR = {Lucas Davi and Alexandra Dmitrienko and Manuel Egele and Thomas Fischer and Thorsten Holz and Ralf Hund and Stefan Nurberger and Ahmad-Reza Sadeghi},
  TITLE = {{MoCFI: A Framework to Mitigate Control-Flow Attacks on Smartphones}},
  BOOKTITLE = {Proceedings of the Network and Distributed System Security Symposium},
  YEAR = 2012,
}

%------------even even newer ---------------------------
@INPROCEEDINGS{fef+12,
  AUTHOR = {Adrienne Porter Felt and Serge Egelman and Matthew Finifter and
    Devdata Akhawe and David Wagner},
  TITLE = {{How to Ask for Permission}},
  BOOKTITLE = {Proceedings of the USENIX Workshop on Hot Topics in Security (HotSec)},
  YEAR = 2012,
}

@INPROCEEDINGS{fhe+12,
  AUTHOR = {Adrienne Porter Felt and Elizabeth Ha and Serge Egelman and Ariel
    Haney and Erika Chin and David Wagner},
  TITLE = {{Android Permissions: User Attention, Comprehension and Behavior}},
  BOOKTITLE = {Proceedings of the Symposium on Usable Privacy and Security (SOUPS)},
  YEAR = 2012,
}

@INPROCEEDINGS{pfnw12,
  AUTHOR = {Paul Pearce and Adrienne Porter Felt and Gabriel Nunez and David Wagner},
  TITLE = {{AdDroid: Privilege Separation for Applications and Advertisers in Android}},
  BOOKTITLE = {Proceedings of the ACM Symposium on Information, Computer and
    Communications Security (AsiaCCS)},
  YEAR = 2012,
}

@INPROCEEDINGS{sdw12,
  AUTHOR = {Shashi Shekhar and Michael Dietz and Dan S. Wallach},
  TITLE = {{AdSplit: Separating Smartphone Advertising from Applications}},
  BOOKTITLE = {Proceedings of the USENIX Security Symposium},
  YEAR = 2012,
}

@INPROCEEDINGS{yy12,
  AUTHOR = {Lok Kwong Yan and Heng Yin},
  TITLE = {{DroidScope: Seamlessly Reconstructing the OS and Dalvik Semantic
    Views for Dynamic Android Malware Analysis}},
  BOOKTITLE = {Proceedings of the USENIX Security Symposium},
  YEAR = 2012,
}

@INPROCEEDINGS{xsa12,
  AUTHOR = {Rubin Xu and Hassen Saidi and Ross Anderson},
  TITLE = {{Aurasium: Practical Policy Enforcement for Android Applications}},
  BOOKTITLE = {Proceedings of the USENIX Security Symposium},
  YEAR = 2012,
}

@INPROCEEDINGS{zj12,
  AUTHOR = {Yajin Zhou and Xuxian Jiang},
  TITLE = {{Dissecting Android Malware: Characterization and Evolution}},
  BOOKTITLE = {Proceedings of the IEEE Symposium on Security and Privacy (Oakland)},
  YEAR = 2012,
}

@INPROCEEDINGS{gzjs12,
  AUTHOR = {Michael Grace and Wu Zhou and Xuxian Jiang and Ahmad-Reza Sadeghi},
  TITLE = {{Unsafe Exposure Analysis of Mobile In-App Advertisements}},
  BOOKTITLE = {Proceedings of the ACM Conference on Security and Privacy in
    Wireless and Mobile Networks (WiSec)},
  YEAR = 2012,
}

@INPROCEEDINGS{zzjn12,
  AUTHOR = {Wu Zhou and Yajin Zhou and Xuxian Jiang and Peng Ning},
  TITLE = {{DroidMOSS: Detecting Repackaged Smartphone Applications in
    Third-Party Android Marketplaces}},
  BOOKTITLE = {Proceedings of the ACM Conference on Data and Application
    Security and Privacy},
  YEAR = 2012,
}

@INPROCEEDINGS{gzz+12,
  AUTHOR = {Michael Grace and Yajin Zhou and Qiang Zhang and Shihong Zou and Xuxian Jiang},
  TITLE = {{RiskRanker: Scalable and Accurate Zero-day Android Malware Detection}},
  BOOKTITLE = {Proceedings of the International Conference on Mobile Systems,
    Applications and Services (MobiSys)},
  YEAR = 2012,
}

@INPROCEEDINGS{dxzj12,
  AUTHOR = {Zhui Deng and Dongyan Xu and Xiangyu Zhang and Xuxian Jiang},
  TITLE = {{IntroLib: Efficient and Transparent Library Call Introspection for
    Malware Forensics}},
  BOOKTITLE = {Proceedings of the DFRWS Digitial Forensics Conference (DFRWS)},
  YEAR = 2012,
}

@INPROCEEDINGS{bev12,
  AUTHOR = {David Barrera and William Enck and Paul C. {van Oorschot}},
  TITLE = {{Meteor: Seeding a Security-Enhancing Infrastructure for Multi-market Application Ecosystems}},
  BOOKTITLE = {IEEE Mobile Security Technologies workshop (MoST)},
  YEAR = 2012,
}

@INPROCEEDINGS{tab+12,
  AUTHOR = {Yang Tang and Phillip Ames and Sravan Bhamidipati and Ashish
    Bijlani and Roxana Geambasu and Nikhil Sarda},
  TITLE = {{CleanOS: Limiting Mobile Data Exposiure with Idle Eviction}},
  BOOKTITLE = {Proceedings of the USENIX Symposium on Operating Systems Design
    and Implementation (OSDI)},
  YEAR = 2012,
}

@INPROCEEDINGS{hyg+13,
  AUTHOR = {Jin Han and Qiang Yan and Debin Gao and Jianying Zhou and Robert Deng},
  TITLE = {{Comparing Mobile Privacy Protection through Cross-Platform Applications}},
  BOOKTITLE = {Proceedings of the Annual Network and Distributed System Security Symposium (NDSS)},
  YEAR = 2013,
}

@INPROCEEDINGS{slg+12,
  AUTHOR = {Sarma, Bhaskar Pratim and Li, Ninghui and Gates, Chris and
    Potharaju, Rahul and Nita-Rotaru, Cristina and Molloy, Ian}, 
  TITLE = {Android permissions: a perspective combining risks and benefits}, 
  BOOKTITLE = {Proceedings of the ACM symposium on Access Control Models
    and Technologies (SACMAT)},
  YEAR = 2012, 
}

@INPROCEEDINGS{pgs+12, 
  TITLE = {Using probabilistic generative models for ranking risks of Android apps},
  BOOKTITLE = {Proceedings of the ACM Conference on Computer and
    Communications Security (CCS)}, 
  AUTHOR = {Peng, Hao and Gates, Chris and Sarma, Bhaskar and Li, Ninghui and
    Qi, Yuan and Potharaju, Rahul and Nita-Rotaru, Cristina and Molloy, Ian}, 
  YEAR = {2012}
}

