@INPROCEEDINGS{tillman05:esecfse,
title = {Parameterized unit tests},
author = {N. Tillmann and W. Schulte},
booktitle = {Proc. ESEC/FSE},
pages = {253--262},
year = {2005},
}

@inproceedings{chakradeo2013mast,
  title={MAST: triage for market-scale mobile malware analysis},
  author={Chakradeo, Saurabh and Reaves, Bradley and Traynor, Patrick and Enck, William},
  booktitle={Proceedings of the sixth ACM conference on Security and privacy in wireless and mobile networks},
  pages={13--24},
  year={2013},
  organization={ACM}
}

@inproceedings{peng2012using,
  title={Using probabilistic generative models for ranking risks of android apps},
  author={Peng, Hao and Gates, Chris and Sarma, Bhaskar and Li, Ninghui and Qi, Yuan and Potharaju, Rahul and Nita-Rotaru, Cristina and Molloy, Ian},
  booktitle={Proceedings of the 2012 ACM conference on Computer and communications security},
  pages={241--252},
  year={2012},
  organization={ACM}
}

@inproceedings{vidas2011curbing,
  title={Curbing android permission creep},
  author={Vidas, Timothy and Christin, Nicolas and Cranor, Lorrie},
  booktitle={Proceedings of the Web},
  volume={2},
  year={2011}
}

@INPROCEEDINGS{enck2010taintdroid,
  title={TaintDroid: an information-flow tracking system for realtime privacy monitoring on smartphones},
  author={Enck, W. and Gilbert, P. and Chun, B.G. and Cox, L.P. and Jung, J. and McDaniel, P. and Sheth, A.N.},
  booktitle={Proc. of the 9th USENIX conference on Operating systems design and implementation},
  pages={1--6},
  year={2010}
}

@article{wilbur1992automatic,
  title={The automatic identification of stop words},
  author={Wilbur, W John and Sirotkin, Karl},
  journal={Journal of information science},
  volume={18},
  number={1},
  pages={45--55},
  year={1992},
  publisher={Sage Publications}
}


@INPROCEEDINGS{felt2012android,
  title={Android permissions: User attention, comprehension, and behavior},
  author={Felt, A.P. and Ha, E. and Egelman, S. and Haney, A. and Chin, E. and Wagner, D.},
  booktitle={Proc. of the 8th Symposium on Usable Privacy and Security},
  pages={3},
  year={2012},
}

@INPROCEEDINGS{sridhara2011ICPC, 
  title={Generating Parameter Comments and Integrating with Method Summaries}, 
  author={Sridhara, G. and Pollock, L. and Vijay-Shanker, K.}, 
  booktitle={Proc. of the 19th ICPC}, 
  pages={71--80}, 
  year={2011}, 
}

@INPROCEEDINGS{zhou2012hey,
  title={Hey, you, get off of my market: Detecting malicious apps in official and alternative Android markets},
  author={Zhou, Y. and Wang, Z. and Zhou, W. and Jiang, X.},
  booktitle={Proc. of the 19th NDSS},
  year={2012}
}

@INPROCEEDINGS{Cindy10:PASTE,
title = {Expect the Unexpected: Error Code Mismatches Between Documentation and the Real World},
author = {Cindy Rubino-Gonz\'alez and Ben Liblit},
booktitle = {Proc. 9th PASTE},
pages = {73--80},
year = {2010},
}

@INPROCEEDINGS{pandita12:inferring,
    author = {Rahul Pandita and Xusheng Xiao and Hao Zhong and Tao Xie and Stephen Oney and Amit Paradkar},
    title = {Inferring Method Specifications from Natural Language {API} Descriptions},
    booktitle = {Proc. 34th ICSE},
    year = {2012}, 
}

@INPROCEEDINGS{Zhou12:SSP,
title = {Dissecting Android Malware: Characterization and Evolution },
author = {Yajin Zhou and Xuxian Jiang},
booktitle = {Proc. 33rd IEEE Symposium on Security and Privacy},
year = {2012},
}


@INPROCEEDINGS{Flanagan2001:HAA,
 author = {Flanagan, Cormac and Leino, K. Rustan M.},
 title = {Houdini, an Annotation Assistant for ESC/Java},
 booktitle = {Proc. 10th FME},
 year = {2001},
 pages = {500--517},
 }
 
 @INPROCEEDINGS{Tillmann:2006:DLM:2105385.2105433,
 author = {Tillmann, Nikolai and Chen, Feng and Schulte, Wolfram},
 title = {Discovering likely method specifications},
 booktitle = {Proc. 8th ICFEM},
 year = {2006},
 pages = {717--736},
 }


@article{Henkel:2008:DDA:1363102.1363105,
 author = {Henkel, Johannes and Reichenbach, Christoph and Diwan, Amer},
 title = {Developing and debugging algebraic specifications for Java classes},
 journal = {ACM Trans. Softw. Eng. Methodol.},
 volume = {17},
 number = {3},
 year = {2008},
 issn = {1049-331X},
 pages = {14:1--14:37},
 doi = {10.1145/1363102.1363105},
 acmid = {1363105},
 publisher = {ACM},
 address = {New York, NY, USA},
}

@article{robillard1986schematic,
  title={Schematic pseudocode for program constructs and its computer automation by SCHEMACODE},
  author={Robillard, P.N.},
  journal={Comm. of the ACM},
  volume={29},
  number={11},
  pages={1072--1089},
  year={1986},
}

@ARTICLE{Henkel07discoveringdocumentation,
    author = {Johannes Henkel and Christoph Reichenbach and Amer Diwan},
    title = {Discovering documentation for java container classes},
    journal = {IEEE Trans. on Software Engineering},
    year = {2007},
    volume = {33},
    pages = {526--543}
}

@INPROCEEDINGS{Ghezzi:2009:SIB:1555001.1555057,
 author = {Ghezzi, Carlo and Mocci, Andrea and Monga, Mattia},
 title = {Synthesizing intensional behavior models by graph transformation},
 title = {Proc. 31st ICSE},
 year = {2009},
 pages = {430--440},
 }
 
 @INPROCEEDINGS{Buse:2008:ADI:1390630.1390664,
 author = {Buse, Raymond P.L. and Weimer, Westley R.},
 title = {Automatic documentation inference for exceptions},
 booktitle = {Proc. 17th ISSTA},
 year = {2008},
 pages = {273--282},
} 

@article{miller90:acm,
 author = {Miller, Barton P. and Fredriksen, Louis and So, Bryan},
 title = {An empirical study of the reliability of UNIX utilities},
 journal = {Commun. ACM},
 volume = {33},
 number = {12},
 year = {1990},
 issn = {0001-0782},
 pages = {32--44},
 doi = {http://doi.acm.org/10.1145/96267.96279},
 publisher = {ACM},
 address = {New York, NY, USA},
 }

@ARTICLE{MadanmohanIEEESoft:04, 
author={Madanmohan, T.R. and Rahul De'}, 
journal={Software, IEEE}, title={Notice of Violation of IEEE Publication Principles
Open source reuse in commercial firms}, 
year={2004}, 
month={nov.-dec.} , 
volume={21}, 
number={6}, 
pages={62 -69}, 
keywords={commercial firms;component-based development;open source reuse;quality assurance;software updates;object-oriented programming;public domain software;software quality;software reusability;}, 
doi={10.1109/MS.2004.45}, 
ISSN={0740-7459}
}

@ARTICLE{WangIEEESoft:01, 
author={Huaiqing Wang and Chen Wang}, 
journal={Software, IEEE}, title={Open source software adoption: a status report}, 
year={2001}, 
month={march-april} , 
volume={18}, 
number={2}, 
pages={90 -95}, 
keywords={MacOS X;Mozilla project;Solaris;community-source software;hacker community;open source software;source code;open systems;security of data;software engineering;}, 
doi={10.1109/52.914753}, 
ISSN={0740-7459},}

@INPROCEEDINGS{GaffneySE92, 
author={Gaffney, J.E. and Cruickshank, R.D.}, 
booktitle={Proc. 14th ICSE}, 
title={A General Economics Model Of Software Reuse}, 
year={1992}, 
month={}, 
volume={}, 
number={}, 
pages={327 -- 337}, 
keywords={}, 
}

@INPROCEEDINGS{WeiICSE11, 
author={Wei, Y. and Furia, C. A. and  Kazmin, N. and Meyer, B.}, 
booktitle={Proc. 33rd ICSE}, 
title={Inferring Better Contracts}, 
year={2011}, 
month={}, 
volume={}, 
number={}, 
keywords={},
pages = {474--484}, 
}

@TECHREPORT{xiao11:improving,
    author = {Xusheng Xiao and Amit Paradkar and Tao Xie},
    title = {Automated Extraction and Validation of Security Policies from Natural-Language Documents},
    institution = {North Carolina State University Department of Computer Science},
    year = {2011},
    type = {Technical Report},
    number = {TR-2011-7},
    address = {Raleigh, NC},
    month = {March},
   
}


@INPROCEEDINGS{Do09:TR,
 author = {Do, Q. and Roth, D. and Sammons, M. and Tu, Y. and Vydiswaran,V.},
 title = {Robust, Light-weight Approaches to compute Lexical Similarity.},
 booktitle = {Computer Science Research and Technical Reports, University of Illinois  },
 year = {2009},
 }

@INPROCEEDINGS{Lin08:ACM,
 author = {Lin, Zhiqiang and Zhang, Xiangyu},
 title = {Deriving input syntactic structure from execution},
 booktitle = {Proc. 16th ACM SIGSOFT FSE},
 year = {2008},
 isbn = {978-1-59593-995-1},
 pages = {83--93},
 location = {Atlanta, Georgia},
 doi = {http://doi.acm.org/10.1145/1453101.1453114},
 publisher = {ACM},
 address = {New York, NY, USA},
 }
@INPROCEEDINGS{WeiISSTA10, 
author={Wei, Y. and Pei, Y. and Furia, C. A. and Silva, L. S. and Buchholz, s. and Meyer, B. and Zeller, A.}, 
booktitle={Proc. 19th ISSTA}, 
title={Automated fixing of programs with contracts}, 
year={2010}, 
month={}, 
volume={}, 
number={}, 
keywords={},
pages = {61--72}, 
}


@INPROCEEDINGS{RubingerWEB10, 
author={Rubinger, B. and Bultan, T.}, 
booktitle={4th AV-WEB}, 
title={Contracting the {F}acebook {API}}, 
year={2010}, 
volume={}, 
number={}, 
keywords={},
pages = {61--72}, 
}


@INPROCEEDINGS{vijay09:ICSE,
 author = {Ganesh, Vijay and Leek, Tim and Rinard, Martin},
 title = {Taint-based directed whitebox fuzzing},
 booktitle = {31th ICSE'09},
 year = {2009},
 pages = {474--484},
}
 

	





@INPROCEEDINGS{burnim08:ase,
	author = {J. Burnim and K.Sen},
	title  ={Heuristics for scalable dynamic test generation},
	year = {2008},
	pages = {443-446},
	booktitle = {Proc. ASE},
}

@INPROCEEDINGS{tonella:etoc,
 author = {Paolo Tonella},
 title = {Evolutionary testing of classes},
 booktitle = {Proc. ISSTA},
 year = {2004},
 pages = {119--128},
}

@article{csallner:jcrasher,
 author = {Christoph Csallner and Yannis Smaragdakis},
 title = {JCrasher: an automatic robustness tester for Java},
 journal = {Softw. Pract. Exper.},
 volume = {34},
 number = {11},
 year = {2004},
 issn = {0038-0644},
 pages = {1025--1050},
 doi = {http://dx.doi.org/10.1002/spe.602},
 publisher = {John Wiley \& Sons, Inc.},
 address = {New York, NY, USA},
 }
 
@article{Godefroid:SIGPLAN,
 author = {Godefroid, Patrice and Kiezun, Adam and Levin, Michael Y.},
 title = {Grammar-based whitebox fuzzing},
 journal = {SIGPLAN Not.},
 volume = {43},
 number = {6},
 year = {2008},
 issn = {0362-1340},
 pages = {206--215},
 doi = {http://doi.acm.org/10.1145/1379022.1375607},
 publisher = {ACM},
 address = {New York, NY, USA},
 }
 
 @article{church1990word,
   title={Word association norms, mutual information, and lexicography},
   author={Church, Kenneth Ward and Hanks, Patrick},
   journal={Computational linguistics},
   volume={16},
   number={1},
   pages={22--29},
   year={1990},
   publisher={MIT Press}
 }
 
@book{Sutton07,
 author = {Sutton, Michael and Greene, Adam and Amini, Pedram},
 title = {Fuzzing: Brute Force Vulnerability Discovery},
 year = {2007},
 isbn = {0321446119},
 publisher = {Addison-Wesley Professional},
 }

@book{Sutton07,
 author = {Sutton, Michael and Greene, Adam and Amini, Pedram},
 title = {Fuzzing: Brute Force Vulnerability Discovery},
 year = {2007},
 isbn = {0321446119},
 publisher = {Addison-Wesley Professional},
 }
 
@book{Olson08,
 author = {D. Olson},
 title = {Advanced data mining techniques},
 year = {2008},
 publisher = {Springer Verlag},
 }
 
 @book{Mitchell96,
  author = {Tom Mitchell},
  title = {Machine Learning},
  year = {1996},
  publisher = {MCGraw Hill},
  }
 
 @inproceedings{banko2007open,
   title={Open Information Extraction from the Web.},
   author={Banko, Michele and Cafarella, Michael J and Soderland, Stephen and Broadhead, Matthew and Etzioni, Oren},
   booktitle={IJCAI},
   volume={7},
   pages={2670--2676},
   year={2007}
 }
 
 @article{etzioni2005unsupervised,
   title={Unsupervised named-entity extraction from the web: An experimental study},
   author={Etzioni, Oren and Cafarella, Michael and Downey, Doug and Popescu, Ana-Maria and Shaked, Tal and Soderland, Stephen and Weld, Daniel S and Yates, Alexander},
   journal={Artificial Intelligence},
   volume={165},
   number={1},
   pages={91--134},
   year={2005},
   publisher={Elsevier}
 }
 
 @inproceedings{yang1997comparative,
   title={A comparative study on feature selection in text categorization},
   author={Yang, Yiming and Pedersen, Jan O},
   booktitle={ICML},
   volume={97},
   pages={412--420},
   year={1997}
 }


@INPROCEEDINGS{Sinha2009,
 AUTHOR = { Avik Sinha and Amit M. Paradkar and Palani Kumanan and Branimir Boguraev},
 TITLE = {A linguistic analysis engine for natural language use case description and its application to dependability analysis in industrial use cases.},
 booktitle = {Proc. DSN},
 pages     = {327--336},
 YEAR = {2009},  }
 
@INPROCEEDINGS{Sinha2010,
 AUTHOR = {Avik Sinha and Stanley M. Sutton{Jr.} and Amit Paradkar},
 TITLE = {Text2Test: Automated Inspection of Natural Language Use Cases},
 pages     = {155--164},
 booktitle = {Proc. ICST},
 YEAR = {2010},  }

@ARTICLE{Gervasi2005,
 AUTHOR = {Vincenzo Gervasi and Didar Zowghi},
 TITLE = {Reasoning about inconsistencies in natural language requirements},
 journal = {ACM Transactions Software Engineering Methodologies},
 volume = {14},
 pages = {277--330},
 YEAR = {2005},  }

@INPROCEEDINGS{Reiss2009SCS,
 author = {Reiss, Steven P.},
 title = {Semantics-based code search},
 booktitle = {Proc. 31st ICSE},
 year = {2009},
 pages = {243--253},
 }

@INPROCEEDINGS{Mike99,
 author = {Mike Barnett and K. Rustan M. Leino and Wolfram Schulte.},
 title = {The Spec\# programming system: An overview. in  },
 booktitle = {Proc. CASSIS, LNCS vol. 3362},
 year = {2004},
 publisher = {Springer},
 }

@INPROCEEDINGS{Hill2008,
 AUTHOR = {Emily Hill and Zachary P. Fry and Haley Boyd and Giriprasad Sridhara and Yana Novikova and Lori L. Pollock and K. Vijay-Shanker},
 TITLE = {{AMAP}: automatically mining abbreviation expansions in programs to enhance software maintenance tools},
 booktitle = {Proc. MSR},
 YEAR = {2008},
 PAGES = {79-88},  }
 
@INPROCEEDINGS{thummalapenta07parseweb,
    author = {Suresh Thummalapenta and Tao Xie},
    title = {{PARSEWeb}: A Programmer Assistant for Reusing Open Source Code on the Web},
    booktitle = {Proc. 22nd ASE},
    year = {2007}, 
    location = {Atlanta, Georgia},
    pages = {204--213},
}

@INPROCEEDINGS{Srivastava2010PVP,
 author = {Srivastava, Saurabh and Gulwani, Sumit and Foster, Jeffrey S.},
 title = {From program verification to program synthesis},
 booktitle = {Proc. 37th POPL},
 year = {2010},
 pages = {313--326},
}



@book{wordnet,
 author = {Fellbaum et al.},
 title = {WordNet: an electronic lexical database.},
 year = {1998},
 publisher = {Cambridge, Mass: MIT Press},
 } 
 

@INPROCEEDINGS{Little2009,
 author = {Little, Greg and Miller, Robert C.},
 title = {Keyword programming in {J}ava},
 booktitle = {Proc. 22nd ASE},
 year = {2007},
 pages = {84--93},
}



@INPROCEEDINGS{Polikarpova2009ISSTA,
 author = {Polikarpova, Nadia and Ciupa, Ilinca and Meyer, Bertrand},
 title = {A comparative study of programmer-written and automatically inferred contracts},
 booktitle = {Proc. 18th ISSTA},
 year = {2009},
 pages = {93--104},
 }

@INPROCEEDINGS{csallner08dysy,
   author = {Christoph Csallner and Nikolai Tillmann and Yannis Smaragdakis},
   title = {{DySy}: Dynamic symbolic execution for invariant inference},
   booktitle = {Proc. 30th ICSE},
   pages = {281--290},
   year = {2008}
}

@INPROCEEDINGS{NimmerE02:ISSTA,
   author = {Jeremy W. Nimmer and Michael D. Ernst},
   title = {Automatic generation of program specifications},
   booktitle = {Proc. ISSTA},
   pages = {232--242},
   year = {2002}
}

@INPROCEEDINGS{Zhou2008, 
author={Hong Zhou and Feng Chen and Hongji Yang}, 
booktitle={Proc. 8th QSIC}, 
title={Developing {A}pplication {S}pecific {O}ntology for {P}rogram {C}omprehension by {C}ombining {D}omain {O}ntology with {C}ode {O}ntology}, 
year={2008}, 
pages={225 -234}, 
}

@book{Gregory99,
 author = {Grefenstette Gregory},
 title = {Light Parsing as Finite State Filtering.},
 year = {1999},
 publisher = {Cambridge University Press},
 }

@INPROCEEDINGS{Dekel2009,
 AUTHOR = {Uri Dekel and James D. Herbsleb},
 TITLE = {Improving {API} {D}ocumentation {U}sability with {K}nowledge {P}ushing},
 booktitle = {Proc. 31st ICSE},
 pages = {320--330},
 YEAR = {2009},  }


@INPROCEEDINGS{Branimir2000,
 AUTHOR = {Branimir K. Boguraev},
 TITLE = {Towards Finite-State Analysis of Lexical Cohesion.},
 booktitle = {Proc. FSMNLP},
 YEAR = {2000},  }

@book{Stickel97,
 author = {Mark Stickel and Mabry Tyson},
 title = {FASTUS: A Cascaded Finite-state Transducer for Extracting Information from Natural-language Text.},
 year = {1997},
 publisher = {MIT Press},
 }

@INPROCEEDINGS{boonstoppel:rwset,
AUTHOR = {Peter Boonstoppel and Cristian Cadar and Dawson R. Engler},
TITLE = {RWset: Attacking Path Explosion in Constraint-Based Test Generation},
booktitle = {TACAS'08},
PAGES = {351-366},
YEAR = {2008},  }



@INPROCEEDINGS{cadar06acm,
title = {EXE: automatically generating inputs of death},
author = {C. Cadar and V. Ganesh and P. M. Pawlowski and D. L. Dill and D. R.Engler},
booktitle = {Proc. ACM CCS'06},
pages = {322?5},
year = {2006},
}

@INPROCEEDINGS{godefroid05acm,
title = {DART: Directed automated random testing},
author = {P. Godefroid and N. Klarlund and K. Sen},
booktitle = {Proc. PLDI'05},
pages = {75?},
year = {2005},
}

@INPROCEEDINGS{Wondracek08:NDSS,
title = {Automatic network protocol analysis},
author = {G. Wondracek and P. M. Comparetti and C. Kruegel and E. Kirda},
booktitle = {15th Annual Network and Distributed System Security Symposium (NDSS08)},
year = {2008},
}

@INPROCEEDINGS{Zhiqiang08:FSE,
 author = {Lin, Zhiqiang and Zhang, Xiangyu},
 title = {Deriving input syntactic structure from execution},
 booktitle = {SIGSOFT '08/FSE-16: Proceedings of the 16th ACM SIGSOFT International Symposium on Foundations of software engineering},
 year = {2008},
 isbn = {978-1-59593-995-1},
 pages = {83--93},
 location = {Atlanta, Georgia},
 doi = {http://doi.acm.org/10.1145/1453101.1453114},
 publisher = {ACM},
 address = {New York, NY, USA},
 }
 
 @INPROCEEDINGS{Caballero07:ACM,
 author = {Caballero, Juan and Yin, Heng and Liang, Zhenkai and Song, Dawn},
 title = {Polyglot: automatic extraction of protocol message format using dynamic binary analysis},
 booktitle = {CCS '07: Proceedings of the 14th ACM conference on Computer and communications security},
 year = {2007},
 isbn = {978-1-59593-703-2},
 pages = {317--329},
 location = {Alexandria, Virginia, USA},
 doi = {http://doi.acm.org/10.1145/1315245.1315286},
 publisher = {ACM},
 address = {New York, NY, USA},
 }



@INPROCEEDINGS{godefroid08NDSSS,
title = {Automated whitebox fuzz testing},
author = {P. Godefroid and M. Y. Levin and D. Molnar},
booktitle = {Network and Distributed Systems Security Symposium},
year = {2008},
}

@INPROCEEDINGS{ksen05esecfse,
title = {CUTE: A concolic unit testing engine for C},
author = {K. Sen and D. Marinov and G. Agha},
booktitle = {Proc. ESEC/FSE},
pages = {263?272},
year = {2005},
}

@INPROCEEDINGS{clarke76ieee,
title = {A system to generate test data and symbolically execute programs},
author = {L. A. Clarke},
booktitle = {IEEE Transactions on Software Engineering, 2(3)},
pages = {215?222},
year = {1976},
}

@INPROCEEDINGS{ZAwedikian09:GECCO,
	author = {Zeina Awedikian and Kamel Ayari	and Giuliano Antoniol},
	title  ={MC/DC automatic test input data generation},
	year = {2009},
	pages = {1657-1664},
	booktitle = {Proc. GECCO '09}
}

@INPROCEEDINGS{Ouffut94:IEEETSE,
	author = {A. Jefferson Offutt and Stephen D. Lee},
	title  ={An Empirical Evaluation of Weak Mutation},
	year = {1994},
	pages = {337-344},
	booktitle = {IEEE Tran. Software Eng., vol. 20, No. 5}
}

@INPROCEEDINGS{DeMillo78:IEEEC,
	author = {R.A. DeMillo and R.J. Lipton and F.G. Sayward},
	title = {Hints on Test Data Selection: Help for the Practicing Programmer},
	booktitle = {IEEE Comput., vol. 11, No. 4},  
	year = {1978}, 
	pages = {34-41}, 
}
@INPROCEEDINGS{taneja09:guided,
    author = {Kunal Taneja and Tao Xie and Nikolai Tillmann and Jonathan de Halleux and Wolfram Schulte},
    title = {Guided Path Exploration for Regression Test Generation},
    booktitle = {Companion Proc. 31th International Conference on Software Engineering  (ICSE 2009), New Ideas and Emerging Results},
    month = {May},
    year = {2009}, 
    pages = {311--314}, 
    location = {Vancouver, Canada},
    url = {http://www.csc.ncsu.edu/faculty/xie/publications/icse09nier-regression.pdf}, 
}

@INPROCEEDINGS{xie09:fitness,
    author = {Tao Xie and Nikolai Tillmann and Peli de Halleux and Wolfram Schulte},
    title = {Fitness-Guided Path Exploration in Dynamic Symbolic Execution},
    booktitle = {Proc. the 39th Annual IEEE/IFIP International Conference on Dependable Systems and Networks (DSN 2009)},
    month = {June-July},
    year = {2009}, 
    location = {Lisbon, Portugal},
    url = {http://www.csc.ncsu.edu/faculty/xie/publications/dsn09-fitnex.pdf}, 
}

@INPROCEEDINGS{king76acm,
title = {Symbolic execution and program testing.},
author = {K. Sen and D. Marinov and G. Agha},
booktitle = { Communications of ACM, 19(7):},
pages = {385?4},
year = {1976},
}

@INPROCEEDINGS{ammann03:issre,
title = {Coverage Criteria for Logical Expression},
author = {Paul Ammann and Jeff Offutt and Hong Huang},
booktitle = {Proc. IEEE ISSRE},
pages = {99-107},
year = {2003},
}


@INPROCEEDINGS{tillmann08issre,
title = {Pex: white box test generation for .NET},
author = {N. Tillmann and J. de Halleux},
booktitle = {Proc. TAP'08},
pages = {134-3},
year = {2008},
}


@INPROCEEDINGS{SoberingOOPSLA:04,
 author = {Sobering, Geoff and Cook, Levi and Anderson, Steve},
 title = {Pseudo-classes: very simple and lightweight mockObject-like classes for unit-testing},
 booktitle = {OOPSLA '04: Companion to the 19th annual ACM SIGPLAN conference on Object-oriented programming systems, languages, and applications},
 year = {2004},
 isbn = {1-58113-833-4},
 pages = {162--163},
 location = {Vancouver, BC, CANADA},
 doi = {http://doi.acm.org/10.1145/1028664.1028730},
 publisher = {ACM},
 address = {New York, NY, USA},
 }


@INPROCEEDINGS{FreemanOOPSLA:04,
 author = {Freeman, Steve and Mackinnon, Tim and Pryce, Nat and Walnes, Joe},
 title = {Mock roles, objects},
 booktitle = {OOPSLA '04: Companion to the 19th annual ACM SIGPLAN conference on Object-oriented programming systems, languages, and applications},
 year = {2004},
 isbn = {1-58113-833-4},
 pages = {236--246},
 location = {Vancouver, BC, CANADA},
 doi = {http://doi.acm.org/10.1145/1028664.1028765},
 publisher = {ACM},
 address = {New York, NY, USA},
 }

@INPROCEEDINGS{BrownPLOP:03,
 author = {Brown, M.A. and Tapolcsanyi, E},
 title = {Mock object patterns},
 booktitle = {PLOP},
 year = {2003},
 } 

@INPROCEEDINGS{TanSOSP07,
 author = {Tan, Lin and Yuan, Ding and Krishna, Gopal and Zhou, Yuanyuan},
 title = {/*icomment: bugs or bad comments?*/},
 booktitle = {21st SOSP},
 year = {2007},
 pages = {145--158},
 }

@INPROCEEDINGS{zhong09SE,
    author = {Hao Zhong and Lu Zhang and Tao Xie and Hong Mei},
    title = {Inferring Resource Specifications from Natural Language API Documentation},
    booktitle = {Proc. 24th ASE},
    month = {November},
    year = {2009},
    pages = {307--318},
}

@INPROCEEDINGS{KongINFG:09,
    author = {Kong, S.H. and Tillmann, N. and de Halleux, J.},
    title = {Automated Testing of Environment-Dependent Programs - A case study of modeling the File System for Pex.},
    booktitle = {INFG},
    year = {2009},
}

@INPROCEEDINGS{ToutanovaHLT-NAACL:03,
    author = {Kristina Toutanova and Dan Klein and Christopher D. Manning and Yoram Singer},
    title = {Feature-Rich Part-of-Speech Tagging with a Cyclic Dependency Network.},
    booktitle = {Proc. HLT-NAACL},
    year = {2003},
    pages = {252-259},
}

@INPROCEEDINGS{KleinNIPS03, 
author={Klein, Dan and Manning, Christopher, D.}, 
booktitle={Proc. 15th NIPS}, 
title={Fast Exact Inference with a Factored Model for Natural Language Parsing}, 
year={2003},
month={}, 
volume={}, 
number={}, 
pages={3 -- 10}, 
keywords={}, 
}

@INPROCEEDINGS{XiaoFSE2012, 
  author={Xusheng Xiao and Amit Paradkar and Suresh Thummalapenta and Tao Xie}, 
  booktitle={Proc. 20th FSE}, 
  title={Automated Extraction of Security Policies from Natural-Language Software Documents}, 
  year={2012},
  month={November}, 
}





@InProceedings{Marneffe06LREC,
author = {Marie -Catherine de Marneffe and MacCartney, Bill and Manning, Christopher D. },
title = {Generating Typed Dependency Parses from Phrase Structure Parses},
booktitle = {Proc. LREC},
year = {2006},
}

@InProceedings{Marneffe08COLING,
author = {Marie -Catherine de Marneffe and Manning, Christopher D.},
title = {The Stanford typed dependencies representation},
booktitle = {Workshop COLING},
year = {2008},
}



@ARTICLE{Manning:01,
author={C.D. Manning and H. Schutze},
journal={The MIT Press}, title={Foundations Of Statistical Natural Language Processing},
year={2001},
}

@InProceedings{Finkel05ACL,
author = {Jenny Rose Finkel and Trond Grenager and Christopher Manning.},
title = {Incorporating Non-local Information into Information Extraction Systems by Gibbs Sampling},
booktitle = {Proc, 43nd ACL},
year = {2005},
}

@InProceedings{LeeCoNLL11,
author = { Lee, Heeyoung and Peirsman, Yves and Chang, Angel and Chambers, Nathanael and Surdeanu, Mihai and Jurafsky, Dan},
title = {Stanford's Multi-Pass Sieve Coreference Resolution System},
booktitle = {Proc.  CoNLL-2011 Shared Task},
year = {2011},
}

@InProceedings{RaghunathanEMNLP10,
author = {Raghunathan, Karthik and Lee, Heeyoung and Rangarajan, Sudarshan and Chambers, Nathanael and Surdeanu, Mihai and Jurafsky, Dan and Manning, Christopher. D },
title = {A Multi-Pass Sieve for Coreference Resolution},
booktitle = {Proc.  EMNLP},
year = {2010},
}

@INPROCEEDINGS{Klein03, 
author={Klein, Dan and Manning, Christopher, D.}, 
booktitle={Proc. 41st Meeting of the Association for Computational Linguistics}, 
title={Accurate Unlexicalized Parsing}, 
year={2003}, 
month={}, 
volume={}, 
number={}, 
pages={423 -- 430}, 
keywords={}, 
}

@ARTICLE{RunesonIEEE:06,
author={Runeson, P.},
journal={Software, IEEE}, title={A survey of unit testing practices},
year={2006},
month={jul.},
volume={23},
number={4},
pages={22 -29},
keywords={SPIN;software process improvement network;unit testing practices;program testing;software process improvement;},
doi={10.1109/MS.2006.91},
ISSN={0740-7459},}

@INPROCEEDINGS{pacheco:eclat,
    author = {Carlos Pacheco and Michael D. Ernst},
    title = {Eclat: Automatic generation and classification of test inputs},
    booktitle = {Proc. ECOOP},
    year = {2005},
    pages = {504--527},
}

@ARTICLE{Meyer92Computer, 
author={Meyer, B.}, 
journal={IEEE Transactions on Computer}, title={Applying `design by contract'}, 
year={1992}, 
month={oct}, 
volume={25}, 
number={10}, 
pages={40 -51}, 
keywords={Eiffel;design by contract;object-oriented software construction;object-oriented techniques;programming language;software libraries;software reliability;contracts;object-oriented programming;software reliability;software reusability;}, 
}

@INPROCEEDINGS{Novick2006WDP,
 author = {Novick, David G. and Ward, Karen},
 title = {Why don't people read the manual?},
 booktitle = {Proc. 24th ACM},
 series = {SIGDOC},
 year = {2006},
 pages = {11--18},
 numpages = {8},
 keywords = {manuals, online help, problem-solving, usability},
} 


@INPROCEEDINGS{inkumsah08:improving,
    author = {Kobi Inkumsah and Tao Xie},
    title = {Improving Structural Testing of Object-Oriented Programs via Integrating Evolutionary Testing and Symbolic Execution},
    booktitle = {Proc. ASE},
    year = {2008},     
    pages = {297--306},
}

@INPROCEEDINGS{pacheco:feedback,
   author = {Carlos Pacheco and Shuvendu K. Lahiri and Michael D. Ernst and Thomas Ball},
   title = {Feedback-directed random test generation},
   booktitle = {Proc. ICSE},
   pages = {75--84},   
   year = {2007},
}

@INPROCEEDINGS{marri09:empirical,
    author = {Madhuri R Marri and Tao Xie and Nikolai Tillmann and Jonathan de Halleux and Wolfram Schulte},
    title = {An Empirical Study of Testing File-System-Dependent Software with Mock Objects},
    booktitle = {Proc. 4th International Workshop on Automation of Software Test (AST 2009), Business and Industry Case Studies},
    month = {May},
    year = {2009}, 
    pages = {149--153},
    location = {Vancouver, Canada},
    url = {http://www.csc.ncsu.edu/faculty/xie/publications/ast09-mockobject.pdf},
}

@INPROCEEDINGS{Freeman04:OOPSLA,
 author = {Freeman, Steve and Mackinnon, Tim and Pryce, Nat and Walnes, Joe},
 title = {Mock roles, objects},
 booktitle = {OOPSLA '04: Companion to the 19th annual ACM SIGPLAN conference on Object-oriented programming systems, languages, and applications},
 year = {2004},
 isbn = {1-58113-833-4},
 pages = {236--246},
 location = {Vancouver, BC, CANADA},
 doi = {http://doi.acm.org/10.1145/1028664.1028765},
 publisher = {ACM},
 address = {New York, NY, USA},
 }
 
 @INPROCEEDINGS{SNLP,
 author = {Klein, Dan and Manning, Christopher D.},
 title = {Accurate Unlexicalized Parsing.},
 booktitle = {Proc. 41st ACL},
 year = {2003},
 pages = {423--430},
  }
  
 
@INPROCEEDINGS{Kramer:1999:ADS:318372.318577,
 author = {Kramer, Douglas},
 title = {API documentation from source code comments: a case study of Javadoc},
 booktitle = {Proceedings of the 17th annual international conference on Computer documentation},
 series = {SIGDOC '99},
 year = {1999},
 isbn = {1-58113-072-4},
 location = {New Orleans, Louisiana, United States},
 pages = {147--153},
 numpages = {7},
 url = {http://doi.acm.org/10.1145/318372.318577},
 doi = {http://doi.acm.org/10.1145/318372.318577},
 acmid = {318577},
 publisher = {ACM},
 address = {New York, NY, USA},
 keywords = {API documentation, Java platform, Javadoc, doc comments, doclets, documentation comments, generated documentation, source code comments},
}

@ARTICLE{FrakesIEEETran05, 
author={Frakes, W.B. and Kyo Kang}, 
journal={IEEE Transactions on Software Engineering}, 
title={Software reuse research: status and future}, 
year={2005}, 
volume={31}, 
number={7}, 
pages={ 529 -- 536}, 
keywords={ software architecture; software engineering; software metrics; software reuse research; research and development; software architecture; software metrics; software reusability;}, 
}

@ARTICLE{Chalin06, 
author={Chalin., P.}, 
journal={ The RODIN Book LNCS}, 
title={Are practitioners writing contracts?}, 
year={2006}, 
volume={4157}, 
number={7}, 
pages={100}, 
}

%%%%%% OTHERS %%%%%%%%%%
@misc{JTEST,
  key = {JTEST},
  title = "Parasoft. {J}test manuals version 5.1. {O}nline manual",
  note = {\url{http://www.parasoft.com}},
  keywords = {code search engine},
  year = {2006},
}

@misc{NIST,
  key = {NIST},
  title = "The economic impacts of inadequate infrastructure for software testing. {N}ational {I}nstitute of {S}tandards and technology, {P}lanning {R}eport 02-3",
  note = {\url{http://www.nist.gov/director/prog-ofc/report02-3.pdf}},
  year = {May 2002},
}

@misc{SNMP,
  key = {SNMP},
  title = "{M}essage {P}rocessing and {D}ispatching for the {S}imple {N}etwork {M}anagement {P}rotocol ({SNMP})",
  note = {\url{http://tools.ietf.org/html/rfc3412}},
  keywords = {code search engine},
  year = {December 2002},
}

@misc{SNMPMsg,
  key = {SNMPMsg},
  title = "{V}ersion 2 of the {P}rotocol {O}perations for the {S}imple {N}etwork {M}anagement {P}rotocol ({SNMP})",
  note = {\url{http://tools.ietf.org/html/rfc3416}},
  year = {December 2002},
}

@misc{SSNMPQ,
  key = {SSNMPQ},
  title = "{S}imple {SNMP} {Q}uery {T}ool",
  note = {\url{http://www.digigrupp.com/ssnmpq}},
  year = {January 2007},
}

@misc{SimpleSNMP,
  key = {SimpleSNMP},
  title = "{C\#} {N}etwork {P}rogramming by {R}ichard {B}lum, {P}ublisher: {S}ybex, {ISBN:} 0782141765",
  note = {\url{http://www.java2s.com/Code/CSharp/Network/SimpleSNMP.htm}},
}

@misc{SnmpSharpNet,
  key = {SnmpSharpNet},
  title = "{SNMP\#NET}",
  note = {\url{http://www.snmpsharpnet.com/}},
  year = {January 2007},
}


@misc{easymock,
  key = {easymock},
  title = "{T.~Freese. EasyMock}",
  note = {\url{http://easymock.org/}},
  year = {2008},
}


@misc{rahien:rhino,
  key = {rahien:rhino},
  title = "{A.~Rahien. Rhino.Mocks}",
  note = {\url{http://ayende.com/projects/rhino-mocks.aspx}},
  year = {2008},
}

@misc{nmock,
  key = {nmock},
  title = "{NMock}",
  note = {\url{http://www.nmock.org/}},
  year = {2008},
}

@misc{SNLP1,
  key = {SNLP},
  title = "{The Stanford Natural Language Processing Group}",
  note = {\url{http://nlp.stanford.edu/}},
  year = {1999},
}


@misc{codeplexclient,
  key = {codeplexclient},
  title = "{Codeplex client}",
  note = {\url{http://www.codeplex.com/CodePlexClient}},
}

@misc{googlebouncer,
 	key= {googlebouncer},
 	title = "{Google Bouncer}",
 	note ={\url{http://officialandroid.blogspot.com/2012/02/android-and-security.html}},
}

@misc{kasperskylabs,
 	key= {kasperskylabs},
 	title = "{Kaspersky Labs- Android Malware report 2012 }",
 	note ={\url{http://www.kaspersky.com/about/news/press/2012/Android_Under_Attack__Malware_Levels_for_Googles_OS_Rise_Threefold_in_Q2_2012}},
}

@misc{lucene,
 	key= {lucene},
 	title = "{Apache Lucene Core}",
 	note ={\url{http://lucene.apache.org/core/}},
}

