% This file was created with JabRef 2.5.
% Encoding: Cp1252

% This file was created with JabRef 2.5.
% Encoding: Cp1252

@inproceedings{pluto,
  title={Free for All! Assessing User Data Exposure to Advertising Libraries on Android.},
  author={Demetriou, Soteris and Merrill, Whitney and Yang, Wei and Zhang, Aston  and Gunter, Carl A},
  booktitle={Annual Network and Distributed System Security Symposium },
  year={2016}
}

@inproceedings{yang2015appcontext,
  title={Appcontext: Differentiating malicious and benign mobile app behaviors using context},
  author={Yang, Wei and Xiao, Xusheng and Andow, Benjamin and Li, Sihan and Xie, Tao and Enck, William},
  booktitle={Proc. of the International Conference on Software Engineering (ICSE)},
  year={2015}
}


@inproceedings{enmobile,
  title={EnMobile: Entity-based Analysis and Characterization of Mobile Applications},
  author={Yang, Wei and Prasad, Mukul R and Xie, Tao},
  booktitle={Submission},
}


@techreport{fritz2013highly,
  title={Highly Precise Taint Analysis for Android Application},
  author={Fritz, Christian and Arzt, Steven and Rasthofer, Siegfried and Bodden, Eric and Bartel, Alexandre and Klein, Jacques and le Traon, Yves and Octeau, Damien and McDaniel, Patrick},
  year={2013},
  institution={EC SPRIDE Technical Report TUD-CS-2013-0113. http://www. bodden. de/pubs/TUD-CS-2013-0113. pdf}
}

@inproceedings{sensim,
  author = {Li, Yuhua and Bandar, Zuhair and McLean, David and O'Shea, James},
  booktitle = {Proc. FLAIRS},
  pages = {820-825},
  publisher = {AAAI Press},
  year = {2004},
}

@article{docsim,
 author = {Wan, Xiaojun and Yang, Jianwu and Xiao, Jianguo},
 title = {Towards a unified approach to document similarity search using manifold-ranking of blocks},
 journal = {Inf. Process. Manage.},
 issue_date = {May, 2008},
 volume = {44},
 number = {3},
 month = may,
 year = {2008},
 issn = {0306-4573},
 pages = {1032--1048},
 numpages = {17},
 url = {http://dx.doi.org/10.1016/j.ipm.2007.07.012},
 doi = {10.1016/j.ipm.2007.07.012},
 acmid = {1351384},
 publisher = {Pergamon Press, Inc.},
 address = {Tarrytown, NY, USA},
 keywords = {Document segmentation, Document similarity search, Manifold-ranking, Web page segmentation, Web similarity search},
} 


@inproceedings{harman2012app,
  title={App store mining and analysis: MSR for app stores},
  author={Harman, Mark and Jia, Yue and Zhang, Yuanyuan},
  booktitle={Mining Software Repositories (MSR), 2012 9th IEEE Working Conference on},
  pages={108--111},
  year={2012},
  organization={IEEE}
}

% @article{robillard1986schematic,
%   title={Schematic pseudocode for program constructs and its computer automation by SCHEMACODE},
%   author={Robillard, Pierre N},
%   journal={Communications of the ACM},
%   volume={29},
%   number={11},
%   pages={1072--1089},
%   year={1986},
%   publisher={ACM}
% }

% @inproceedings{sridhara2011generating,
%   title={Generating parameter comments and integrating with method summaries},
%   author={Sridhara, Giriprasad and Pollock, Lori and Vijay-Shanker, K},
%   booktitle={Program Comprehension (ICPC), 2011 IEEE 19th International Conference on},
%   pages={71--80},
%   year={2011},
%   organization={IEEE}
% }

@article{newsome2005dynamic,
  title={Dynamic taint analysis for automatic detection, analysis, and signature generation of exploits on commodity software},
  author={Newsome, James and Song, Dawn},
  year={2005},
  publisher={Internet Society}
}

@inproceedings{enck2011study,
  title={A Study of Android Application Security.},
  author={Enck, William and Octeau, Damien and McDaniel, Patrick and Chaudhuri, Swarat},
  booktitle={USENIX security symposium},
  year={2011}
}

@inproceedings{au2012pscout,
  title={Pscout: analyzing the android permission specification},
  author={Au, Kathy Wain Yee and Zhou, Yi Fan and Huang, Zhen and Lie, David},
  booktitle={Proceedings of the 2012 ACM conference on Computer and communications security},
  pages={217--228},
  year={2012},
  organization={ACM}
}

@inproceedings{grace2012systematic,
  title={Systematic detection of capability leaks in stock Android smartphones},
  author={Grace, Michael and Zhou, Yajin and Wang, Zhi and Jiang, Xuxian},
  booktitle={Proceedings of the 19th Annual Symposium on Network and Distributed System Security},
  year={2012}
}

@inproceedings{zhou2012dissecting,
  title={Dissecting android malware: Characterization and evolution},
  author={Zhou, Yajin and Jiang, Xuxian},
  booktitle={Security and Privacy (SP), 2012 IEEE Symposium on},
  pages={95--109},
  year={2012},
  organization={IEEE}
}

@inproceedings{grace2012riskranker,
  title={Riskranker: scalable and accurate zero-day android malware detection},
  author={Grace, Michael and Zhou, Yajin and Zhang, Qiang and Zou, Shihong and Jiang, Xuxian},
  booktitle={Proceedings of the 10th international conference on Mobile systems, applications, and services},
  pages={281--294},
  year={2012},
  organization={ACM}
}

@inproceedings{enck2010taintdroid,
  title={TaintDroid: An Information-Flow Tracking System for Realtime Privacy Monitoring on Smartphones.},
  author={Enck, William and Gilbert, Peter and Chun, Byung-Gon and Cox, Landon P and Jung, Jaeyeon and McDaniel, Patrick and Sheth, Anmol},
  booktitle={OSDI},
  volume={10},
  pages={255--270},
  year={2010}
}

@inproceedings{hornyack2011these,
  title={These aren't the droids you're looking for: retrofitting android to protect data from imperious applications},
  author={Hornyack, Peter and Han, Seungyeop and Jung, Jaeyeon and Schechter, Stuart and Wetherall, David},
  booktitle={Proceedings of the 18th ACM conference on Computer and communications security},
  pages={639--652},
  year={2011},
  organization={ACM}
}

@inproceedings{peng2012using,
  title={Using probabilistic generative models for ranking risks of android apps},
  author={Peng, Hao and Gates, Chris and Sarma, Bhaskar and Li, Ninghui and Qi, Yuan and Potharaju, Rahul and Nita-Rotaru, Cristina and Molloy, Ian},
  booktitle={Proceedings of the 2012 ACM conference on Computer and communications security},
  pages={241--252},
  year={2012},
  organization={ACM}
}

@inproceedings{zhou2012hey,
  title={Hey, you, get off of my market: Detecting malicious apps in official and alternative android markets},
  author={Zhou, Yajin and Wang, Zhi and Zhou, Wu and Jiang, Xuxian},
  booktitle={Proceedings of the 19th Annual Network and Distributed System Security Symposium},
  year={2012}
}

@inproceedings{felt2011survey,
  title={A survey of mobile malware in the wild},
  author={Felt, Adrienne Porter and Finifter, Matthew and Chin, Erika and Hanna, Steve and Wagner, David},
  booktitle={Proceedings of the 1st ACM workshop on Security and privacy in smartphones and mobile devices},
  pages={3--14},
  year={2011},
  organization={ACM}
}

@inproceedings{felt2012ask,
  title={How to ask for permission},
  author={Felt, Adrienne Porter and Egelman, Serge and Finifter, Matthew and Akhawe, Devdatta and Wagner, David and others},
  booktitle={Proc. USENIX Workshop on Hot Topics in Security},
  year={2012}
}

@inproceedings{felt2012android,
  title={Android permissions: User attention, comprehension, and behavior},
  author={Felt, Adrienne Porter and Ha, Elizabeth and Egelman, Serge and Haney, Ariel and Chin, Erika and Wagner, David},
  booktitle={Proceedings of the Eighth Symposium on Usable Privacy and Security},
  pages={3},
  year={2012},
  organization={ACM}
}

@inproceedings{chin2012measuring,
  title={Measuring user confidence in smartphone security and privacy},
  author={Chin, Erika and Felt, Adrienne Porter and Sekar, Vyas and Wagner, David},
  booktitle={Proceedings of the Eighth Symposium on Usable Privacy and Security},
  pages={1},
  year={2012},
  organization={ACM}
}

@TECHREPORT{susi,
  AUTHOR =        {Steven Arzt and Siegfried Rasthofer and Eric Bodden},
  TITLE =         {Su{S}i: A tool for the fully automated classification and categorization of android sources and sinks},
  NUMBER =        {TUD-CS-2013-0114},
  INSTITUTION =   {EC SPRIDE},
  YEAR  =         {2013},
}

@MastersThesis{flowdroid,
    author     =     {Christian Fritz},
    title     =     {FlowDroid: A Precise and Scalable Data Flow Analysis for Android},
    school     =     {TU Darmstadt},
    year     =     {2013},
    }

@inproceedings{userflow,
  author    = {Xusheng Xiao and
               Nikolai Tillmann and
               Manuel F{\"a}hndrich and
               Jonathan de Halleux and
               Michal Moskal},
  title     = {User-aware privacy control via extended static-information-flow
               analysis},
  booktitle = {Proc. ASE},
  year      = {2012},
  pages     = {80-89},
}

@inproceedings{defsec,
  author    = {William Enck},
  title     = {Defending Users against Smartphone Apps: Techniques and
               Future Directions},
  booktitle = {Proc. ICISS},
  year      = {2011},
  pages     = {49-70},

}

@inproceedings{whyper,
 author = {Rahul Pandita and Xusheng Xiao and Wei Yang and William Enck and Tao Xie},
 title = {WHYPER: Towards Automating Risk Assessment of Mobile Applications},
 booktitle = {Proc. USENIX Security},
 year = {2013},
 pages = {21--21},
} 

@inproceedings{secstudy,
 author = {Enck, William and Octeau, Damien and McDaniel, Patrick and Chaudhuri, Swarat},
 title = {A study of android application security},
 booktitle = {Proc. USENIX Security},
 year = {2013},
 pages = {527--542},
} 


@Misc{android,
title={{Android}},
	url = {{http://www.android.com/}},
	note = {\url{http://www.android.com/}}

}

@Misc{winphone,
title={{Windows Phone}},
	url = {{http://www.microsoft.com/windowsphone/}},
	note = {\url{http://www.microsoft.com/windowsphone/}}

}

@Misc{ios,
title={{iOS}},
	url = {{http://www.apple.com/ios/}},
	note = {\url{http://www.apple.com/ios/}}

}

@inproceedings{permgraph,
  author    = {Kevin Zhijie Chen and
               Noah M. Johnson and
               Vijay D'Silva and
               Shuaifu Dai and
               Kyle MacNamara and
               Tom Magrino and
               Edward XueJun Wu and
               Martin Rinard and
               Dawn Xiaodong Song},
  title     = {Contextual Policy Enforcement in Android Applications with
               Permission Event Graphs},
  booktitle = {Proc. NDSS},
  year      = {2013},
}

@inproceedings{deltainfer,
 author = {Xiao, Xusheng and Han, Shi and Zhang, Dongmei and Xie, Tao},
 title = {Context-sensitive delta inference for identifying workload-dependent performance bottlenecks},
 booktitle = {Proc. ISSTA},
 year = {2013},
 pages = {90--100},
} 

@inproceedings{tdprivacy,
 author = {Xiao, Xusheng and Tillmann, Nikolai and Fahndrich, Manuel and De Halleux, Jonathan and Moskal, Michal},
 title = {User-aware privacy control via extended static-information-flow analysis},
 booktitle = {Proc. ASE},
 year = {2012},
 pages = {80--89},
} 

@INPROCEEDINGS{loopstudy,
    author = {Xusheng Xiao and Sihan Li and Tao Xie and Nikolai Tillmann},
    title = {Characteristic Studies of Loop Problems for Structural Test Generation via Symbolic Execution},
    booktitle = {Proc. ASE},
    year = {2013}, 
    
}

@inproceedings{vision,
 author = {Gilbert, Peter and Chun, Byung-Gon and Cox, Landon P. and Jung, Jaeyeon},
 title = {{Vision: Automated Security Validation of Mobile Apps At App Markets}},
 booktitle = {Proc. MCS},
 year = {2011},
 pages = {21--26}
} 


@InProceedings{androidPermission, 
        author = {T. Vidas and N. Christin and L. Cranor},
        title = {{Curbing {Android} Permission Creep}}, 
        booktitle = {Proc. W2SP},
        month = {May},
        year = {2011}, 
        address = {Oakland, CA}
}

@inproceedings{permission,
 author = {Felt, Adrienne Porter and Greenwood, Kate and Wagner, David},
 title = {{The Effectiveness of Application Permissions}},
 booktitle = {USENIX Conference on Web Application Development (WebApps)},
 year = 2011
} 

@inproceedings{toddler,
 author = {Nistor, Adrian and Song, Linhai and Marinov, Darko and Lu, Shan},
 title = {Toddler: detecting performance problems via similar memory-access patterns},
 booktitle = {Proc. ICSE},
 year = {2013},
 pages = {562--571},
} 

@article{billionLOC,
 author = {Bessey, Al and Block, Ken and Chelf, Ben and Chou, Andy and Fulton, Bryan and Hallem, Seth and Henri-Gros, Charles and Kamsky, Asya and McPeak, Scott and Engler, Dawson},
 title = {A few billion lines of code later: using static analysis to find bugs in the real world},
 journal = {Commun. ACM},
 volume = {53},
 number = {2},
 year = {2010},
 pages = {66--75},
} 

@inproceedings{inferPerf,
 author = {Westermann, Dennis and Happe, Jens and Krebs, Rouven and Farahbod, Roozbeh},
 title = {Automated inference of goal-oriented performance prediction functions},
 booktitle = {Proc. ASE},
 year = {2012},
 pages = {190--199},
}


@inproceedings{grechanikPerf,
 author = {Grechanik, Mark and Fu, Chen and Xie, Qing},
 title = {Automatically finding performance problems with feedback-directed learning software testing},
 booktitle = {Proc. ICSE},
 year = {2012},
 pages = {156--166},
}

@inproceedings{inputprofile,
 author = {Coppa, Emilio and Demetrescu, Camil and Finocchi, Irene},
 title = {Input-sensitive profiling},
 booktitle = {Proc. PLDI},
 year = {2012},
 pages = {89--98}
} 


@inproceedings{appfence,
 author = {Hornyack, Peter and Han, Seungyeop and Jung, Jaeyeon and Schechter, Stuart and Wetherall, David},
 title = {These aren't the droids you're looking for: retrofitting android to protect data from imperious applications},
 pages = {639--652},
  booktitle = {Proc. CCS},
  year      = {2011},
 
}

@inproceedings{verifyDiag,
 author = {Dillig, Isil and Dillig, Thomas and Aiken, Alex},
 title = {Automated error diagnosis using abductive inference},
 booktitle = {Proc. PLDI},
 year = {2012},
 pages = {181--192},
} 

@inproceedings{taintDroid,
 author = {Enck, William and Gilbert, Peter and Chun, Byung-Gon and Cox, Landon P. and Jung, Jaeyeon and McDaniel, Patrick and Sheth, Anmol N.},
 title = {{TaintDroid: An Information-Flow Tracking System for Realtime Privacy Monitoring on Smartphones}},
 booktitle = {Proc. OSDI},
 pages = {393--407},
 year = {2010},
 
} 

@inproceedings{goanna,
  author    = {Ralf Huuck and
               Ansgar Fehnker and
               Sean Seefried and
               J{\"o}rg Brauer},
  title     = {Goanna: {S}yntactic Software Model Checking},
  booktitle = {ATVA},
  year      = {2008}
}

@inproceedings{escjava,
 author = {Flanagan, Cormac and Leino, K. Rustan M. and Lillibridge, Mark and Nelson, Greg and Saxe, James B. and Stata, Raymie},
 title = {Extended static checking for Java},
 booktitle = {Proc. PLDI},
 year = {2002},
 pages = {234--245}
} 



@inproceedings{dc2,
 author = {Ivancic, Franjo and Balakrishnan, Gogul and Gupta, Aarti and Sankaranarayanan, Sriram and Maeda, Naoto and Tokuoka, Hiroki and Imoto, Takashi and Miyazaki, Yoshiaki},
 title = {DC2: A framework for scalable, scope-bounded software verification},
 booktitle = {Proc. ASE},
 year = {2011},
 pages = {133--142},
 numpages = {10}
}

@inproceedings{slam,
 author = {Ball, Thomas and Rajamani, Sriram K.},
 title = {The SLAM project: debugging system software via static analysis},
 booktitle = {Proc. POPL},
 year = {2002},
 pages = {1--3}
} 

@inproceedings{seeker,
 author = {Thummalapenta, Suresh and Xie, Tao and Tillmann, Nikolai and de Halleux, Jonathan and Su, Zhendong},
 title = {Synthesizing method sequences for high-coverage testing},
 booktitle = {Proc. OOPSLA},
 year = {2011},
 pages = {189--206},
 numpages = {18},
}

@inproceedings{covanasrc,
 author = {Xiao, Xusheng},
 title = {Problem identification for structural test generation: first step towards cooperative developer testing},
 booktitle = {Proc. ICSE},
 year = {2011},
 note = {SRC},
 pages = {1179--1181},
} 

@INPROCEEDINGS{covanademo,
    author = {Xusheng Xiao and Tao Xie and Nikolai Tillmann and Jonathan de Halleux},
    title = {Covana: Precise Identification of Problems in {Pex}},
    booktitle = {Proc. ICSE},
    note = {Demo},
    year = {2011}, 
    pages = {1004--1006},
}

@INPROCEEDINGS{symploit,
    author = {Ruowen Wang and Peng Ning and Tao Xie and Quan Chen},
    title = {{MetaSymploit}: Day-One Defense Against Script-based Attacks with Security-Enhanced Symbolic Analysis},
    booktitle = {Proc. USENIX Security},
    year = {2013}, 
   
}

@INPROCEEDINGS{inkumsah08:improving,
    author = {Kobi Inkumsah and Tao Xie},
    title = {Improving Structural Testing of Object-Oriented Programs via Integrating Evolutionary Testing and Symbolic Execution},
    booktitle = {Proc. ASE},
    year = {2008}, 
    pages = {297--306},
  }

@INPROCEEDINGS{taneja11:express,
    author = {Kunal Taneja and Tao Xie and Nikolai Tillmann and Jonathan de Halleux},
    title = {e{X}press: Guided Path Exploration for Efficient Regression Test Generation},
    booktitle = {Proc. ISSTA},
    year = {2011}, 
    pages = {1--11},
}

@INPROCEEDINGS{li09:reggae,
    author = {Nuo Li and Tao Xie and Nikolai Tillmann and Jonathan de Halleux and Wolfram Schulte},
    title = {Reggae: Automated Test Generation for Programs using Complex Regular Expressions},
    booktitle = {Proc. ASE},
    year = {2009}, 
    pages = {515--519},
}

@INPROCEEDINGS{thummalapenta11:synthesizing,
    author = {Suresh Thummalapenta and Tao Xie and Nikolai Tillmann and Jonathan de Halleux and Zhendong Su},
    title = {Synthesizing Method Sequences for High-Coverage Testing},
    booktitle = {Proc. OOPSLA},
    year = {2011}, 
    pages = {189--206},
}

@INPROCEEDINGS{xie05:symstra,
    author = {Tao Xie and Darko Marinov and Wolfram Schulte and David Notkin},
    title = {Symstra: A Framework for Generating Object-Oriented Unit Tests using Symbolic Execution},
    booktitle = {Proc. TACAS},
    year = {2005},
    pages = {365--381},
}


@misc{projectweb,
title={Project website},
note= {https://sites.google.com/site/asergrp/projects/loopstudy},
url = {https://sites.google.com/site/asergrp/projects/loopstudy},
}

@inproceedings{symfsm,
 author = {Veanes, Margus and Hooimeijer, Pieter and Livshits, Benjamin and Molnar, David and Bjorner, Nikolaj},
 title = {Symbolic finite state transducers: algorithms and applications},
 booktitle = {Proce. POPL},
 year = {2012},
 pages = {137--150},
}

@INPROCEEDINGS{reggae,
    author = {Nuo Li and Tao Xie and Nikolai Tillmann and Jonathan de Halleux and Wolfram Schulte},
    title = {Reggae: Automated Test Generation for Programs using Complex Regular Expressions},
    booktitle = {Proc. ASE},
    year = {2009}, 
}

@inproceedings{bugfix,
  author    = {Zhongxian Gu and
               Earl T. Barr and
               David J. Hamilton and
               Zhendong Su},
  title     = {Has the bug really been fixed?},
  booktitle = {Proc. ICSE},
  year      = {2010},
  pages     = {55-64},
}

@inproceedings{mockbehavior,
 author = {Tillmann, Nikolai and Schulte, Wolfram},
 title = {Mock-object generation with behavior},
 booktitle = {Proce. ASE},
 year = {2006},
 pages = {365--368},
} 


@INPROCEEDINGS{moda,
    author = {Kunal Taneja and Yi Zhang and Tao Xie},
    title = {{MODA}: Automated Test Generation for Database Applications via Mock Objects},
    booktitle = {Proc. ASE},
    year = {2010}, 
    pages = {289--292},
}

@INPROCEEDINGS{filemock,
    author = {Madhuri R Marri and Tao Xie and Nikolai Tillmann and Jonathan de Halleux and Wolfram Schulte},
    title = {An Empirical Study of Testing File-System-Dependent Software with Mock Objects},
    booktitle = {Proc. AST},
    year = {2009}, 
    pages = {149--153},
}

@inproceedings{score,
 author = {Kim, Yunho and Kim, Moonzoo},
 title = {{SCORE}: a scalable concolic testing tool for reliable embedded software},
 booktitle = {Proc. ESEC/FSE},
 year = {2011},
 pages = {420--423},
} 

@inproceedings{evosuite,
 author = {Fraser, Gordon and Arcuri, Andrea},
 title = {{EvoSuite}: automatic test suite generation for object-oriented software},
 booktitle = {Proc. ESEC/FSE},
 year = {2011},
 pages = {416--419},
} 


@inproceedings{distristudy,
 author = {Kim, Moonzoo and Kim, Yunho and Rothermel, Gregg},
 title = {A Scalable Distributed Concolic Testing Approach: An Empirical Evaluation},
 booktitle = {Proc. ICST},
 year = {2012},
 pages = {340--349},
} 


@inproceedings{symstudy,
 author = {Cadar, Cristian and Godefroid, Patrice and Khurshid, Sarfraz and P\u{a}s\u{a}reanu, Corina S. and Sen, Koushik and Tillmann, Nikolai and Visser, Willem},
 title = {Symbolic execution for software testing in practice: preliminary assessment},
 booktitle = {Proc. ICSE},
 year = {2011},
 pages = {1066--1071},
} 

@inproceedings{unbound,
year={2012},
booktitle={Proc. RV},
title={Unbounded Symbolic Execution for Program Verification},
author={Jaffar, Joxan and Navas, JorgeA. and Santosa, AndrewE.},
pages={396-411}
}

@inproceedings{interpolation,
year={2009},
booktitle={Proc. CP},
title={An Interpolation Method for {CLP} Traversal},
author={Jaffar, Joxan and Santosa, AndrewE. and Voicu, Răzvan},
pages={454-469}
}

@inproceedings{rwset,
  author    = {Peter Boonstoppel and
               Cristian Cadar and
               Dawson R. Engler},
  title     = {RWset: Attacking Path Explosion in Constraint-Based Test
               Generation},
  booktitle = {Proc. TACAS},
  year      = {2008},
  pages     = {351-366},
}

@misc{github,
title={{G}it{H}ub},
note= {https://github.com/},
url = {https://github.com/},
}

@inproceedings{soundempirical,
 author = {Fraser, Gordon and Arcuri, Andrea},
 title = {Sound empirical evidence in software testing},
 booktitle = {Proc. ICSE},
 year = {2012},
 pages = {178--188},
}


@inproceedings{ocat,
 author = {Jaygarl, Hojun and Kim, Sunghun and Xie, Tao and Chang, Carl K.},
 title = {{OCAT}: object capture-based automated testing},
 booktitle = {Proc. ISSTA},
 year = {2010},
 pages = {159--170},
} 


@article{branchempirical,
 author = {Lakhotia, Kiran and McMinn, Phil and Harman, Mark},
 title = {An empirical investigation into branch coverage for {C} programs using {CUTE} and {AUSTIN}},
 journal = {J. Syst. Softw.},
 volume = {83},
 number = {12},
 year = {2010},
 pages = {2379--2391},
}

@inproceedings{memprove,
 author = {Godefroid, Patrice and Kinder, Johannes},
 title = {Proving memory safety of floating-point computations by combining static and dynamic program analysis},
 booktitle = {Proc. ISSTA},
 year = {2010},
 pages = {1--12},
} 

@INPROCEEDINGS{controltest, 
  author = {Majumdar, R. and Saha, I. and Zilong Wang}, 
  booktitle = {Proc. MEMOCODE}, 
  title = {Systematic testing for control applications}, 
  year = {2010},  
  pages = {1--10}, 
}

@article{experimenttest,
 author = {Do, Hyunsook and Elbaum, Sebastian and Rothermel, Gregg},
 title = {Supporting Controlled Experimentation with Testing Techniques: An Infrastructure and its Potential Impact},
 journal = {Empirical Softw. Engg.},
 volume = {10},
 number = {4},
 year = {2005},
 pages = {405--435},
} 

@inproceedings{distritest,
 author = {Kim, Moonzoo and Kim, Yunho and Rothermel, Gregg},
 title = {A Scalable Distributed Concolic Testing Approach: An Empirical Evaluation},
 booktitle = {Proc. ICST},
 year = {2012},
 pages = {340--349},
} 

@inproceedings{hadoop2sql,
 author = {Iu, Ming-Yee and Zwaenepoel, Willy},
 title = {{HadoopToSQL}: a {MapReduce} query optimizer},
 booktitle = {Proc. EuroSys},
 year = {2010},
 pages = {251--264}
} 

@inproceedings{dimsynthesis,
 author = {Gulwani, Sumit},
 title = {Dimensions in program synthesis},
 booktitle = {Proc. PPDP},
 year = {2010},
 pages = {13--24}
}

@inproceedings{cegar,
  author    = {Daniel Kroening and
               Alex Groce and
               Edmund M. Clarke},
  title     = {Counterexample Guided Abstraction Refinement Via Program
               Execution},
  booktitle = {Proc. ICFEM},
  year      = {2004},
  pages     = {224-238}
}

@inproceedings{austin,
 author = {Lakhotia, Kiran and Harman, Mark and McMinn, Phil},
 title = {Handling dynamic data structures in search based testing},
 booktitle = {Proc. GECCO},
 year = {2008},
 pages = {1759--1766},
} 


@inproceedings{covana,
 author = {Xiao, Xusheng and Xie, Tao and Tillmann, Nikolai and de Halleux, Jonathan},
 title = {Precise identification of problems for structural test generation},
 booktitle = {Proc. ICSE},
 year = {2011},
 pages = {611--620}
} 

@Misc{codeplex,
title={{C}ode{P}lex},
	url = {http://www.codeplex.com/},
	note = {http://www.codeplex.com/}
}


@inproceedings{loopdom,
 author = {Tarjan, Robert},
 title = {Testing flow graph reducibility},
 booktitle = {Proc. STOC},
 year = {1973},
 pages = {96--107}
} 

@inproceedings{tracer,
  author    = {Joxan Jaffar and
               Vijayaraghavan Murali and
               Jorge A. Navas and
               Andrew E. Santosa},
  title     = {{TRACER}: A Symbolic Execution Tool for Verification},
  booktitle = {Proc. CAV},
  year      = {2012},
  pages     = {758-766}
}

@inproceedings{maymust,
 author = {Godefroid, Patrice and Nori, Aditya V. and Rajamani, Sriram K. and Tetali, Sai Deep},
 title = {Compositional may-must program analysis: unleashing the power of alternation},
 booktitle = {Proc. POPL},
 year = {2010},
 pages = {43--56}
} 

@inproceedings{stitchmalware,
 author = {Caballero, Juan and Poosankam, Pongsin and McCamant, Stephen and Babi\'{c}, Domagoj and Song, Dawn},
 title = {Input generation via decomposition and re-stitching: finding bugs in Malware},
 booktitle = {Proc. CCS},
 year = {2010},
 pages = {413--425}
}

@inproceedings{symrubyralis,
 author = {Chaudhuri, Avik and Foster, Jeffrey S.},
 title = {Symbolic security analysis of {Ruby-on-Rails} web applications},
 booktitle = {Proc. CCS},
 year = {2010},
 pages = {585--594}
} 

@inproceedings{bugredux,
 author = {Jin, Wei and Orso, Alessandro},
 title = {Bug{R}edux: reproducing field failures for in-house debugging},
 booktitle = {Proc. ICSE},
 year = {2012},
 pages = {474--484}
} 


@Misc{symbib,
title={A Bibliography of Papers on Symbolic Execution Technique and its Applications},
	url = {https://sites.google.com/site/symexbib/},
	note = {https://sites.google.com/site/symexbib/}
}

@inproceedings{boundmodel,
  AUTHOR    = { Clarke, Edmund
                and Kroening, Daniel
                and Lerda, Flavio },
  TITLE     = { A Tool for Checking {ANSI-C} Programs },
  BOOKTITLE = { Proc. TACAS },
  YEAR      = { 2004 },
	PAGES     = { 168--176 },
}

inproceedings{loopnavi,
 author = {Obdr\v{z}\'{a}lek, Jan and Trt\'{\i}k, Marek},
 title = {Efficient loop navigation for symbolic execution},
 booktitle = {Proc. ATVA},
 year = {2011},
 pages = {453--462},
} 


@inproceedings{loopnavi,
 author = {Strej\v{c}ek, Jan and Trt\'{\i}k, Marek},
 title = {Abstracting path conditions},
 booktitle = {Proc. ISSTA},
 year = {2012},
 pages = {155--165},
} 

@INPROCEEDINGS{pex,
  author = {Nikolai Tillmann and Jonathan de Halleux},
  title = {Pex-White Box Test Generation for .{NET}},
  booktitle = {Proc. TAP},
  year = {2008},
  pages = {134-153}
}

@inproceedings{cvc3,
 author = {Barrett, Clark and Tinelli, Cesare},
 title = {{CVC3}},
 booktitle = {Proc. CAV},
 year = {2007},
 pages = {298--302}
}


@inproceedings{sage,
  author    = {Patrice Godefroid and
               Michael Y. Levin and
               David A. Molnar},
  title     = {Automated Whitebox Fuzz Testing},
  booktitle = {Proc. NDSS},
  year      = {2008}
}

@inproceedings{qdd,
 author = {Boigelot, Bernard and Godefroid, Patrice},
 title = {Symbolic Verification of Communication Protocols with Infinite State Spaces Using QDDs (Extended Abstract)},
 booktitle = {Proc. CAV},
 year = {1996},
 pages = {1--12}
}


@inproceedings{loadtest,
 author = {Zhang, Pingyu and Elbaum, Sebastian and Dwyer, Matthew B.},
 title = {Automatic generation of load tests},
 booktitle = {Proc. ASE},
 year = {2011},
 pages = {43--52}
} 

@inproceedings{lese,
 author = {Saxena, Prateek and Poosankam, Pongsin and McCamant, Stephen and Song, Dawn},
 title = {Loop-extended symbolic execution on binary programs},
 booktitle = {Proc. ISSTA},
 year = {2009},
 pages = {225--236}
} 

@inproceedings{loopsummary,
 author = {Godefroid, Patrice and Luchaup, Daniel},
 title = {Automatic partial loop summarization in dynamic test generation},
 booktitle = {Proc. ISSTA},
 year = {2011},
 pages = {23--33}
}

@inproceedings{leaploop,
 author = {Ball, Thomas and Kupferman, Orna and Sagiv, Mooly},
 title = {Leaping loops in the presence of abstraction},
 booktitle = {Proc. CAV},
 year = {2007},
 pages = {491--503}
}

@inproceedings{tempobj,
  author    = {Guoqing (Harry) Xu and
               Dacong Yan and
               Atanas Rountev},
  title     = {Static Detection of Loop-Invariant Data Structures},
  booktitle = {Proc. ECOOP},
  year      = {2012},
  pages     = {738-763}
}

@book{perftest,
  author    = {Ian Molyneaux},
  title     = {The Art of Application Performance Testing - Help for Programmers
               and Quality Assurance},
  publisher = {O'Reilly Media},
  year      = {2009},
  isbn      = {978-0-596-52066-3},
  pages     = {I-XII, 1-144}
}


@inproceedings{perfbug,
  author    = {Guoliang Jin and
               Linhai Song and
               Xiaoming Shi and
               Joel Scherpelz and
               Shan Lu},
  title     = {Understanding and detecting real-world performance bugs},
  booktitle = {Proc. PLDI},
  year      = {2012},
  pages     = {77-88}
}

@inproceedings{algoprofile,
 author = {Zaparanuks, Dmitrijs and Hauswirth, Matthias},
 title = {Algorithmic profiling},
 booktitle = {Proc. PLDI},
 year = {2012},
 pages = {67--76}
} 


@misc{note7,
title={https://sourceforge.net/projects/notepad-plus/forums/\\forum/331753/topic/5101818}
}

@misc{note6,
title={https://sourceforge.net/projects/sevenzip/forums/\\forum/45797/topic/4941343/}
}

@misc{note5,
title={https://sourceforge.net/projects/sevenzip/forums/\\forum/45797/topic/4941337}
}


@misc{note4,
title={http://msdn.microsoft.com/en-us/library/dd144935\%28v=VS.85\%29.aspx}
}

@misc{note3,
title={http://blog.bestvendor.com/2011/12/developer-tools-infographic/}
}


@misc{predperf,
title={http://research.csc.ncsu.edu/ase/projects/predperf/}
}

@misc{note2,
title={http://msdn.microsoft.com/en-us/library/aa453473.aspx}
}


@Misc{note1,
title={{http://sourceforge.net/tracker/index.php?\\func=detail\&aid=3193577\&group\_id=14481\&atid=114481}}

}




@Misc{amazon,
title={{Amazon Web Services}},
	url = {{http://aws.amazon.com/ec2/}},
	note = {http://aws.amazon.com/ec2/}

}


@inproceedings{configperf,
 author = {Hoffmann, Henry and Sidiroglou, Stelios and Carbin, Michael and Misailovic, Sasa and Agarwal, Anant and Rinard, Martin},
 title = {Dynamic knobs for responsive power-aware computing},
 booktitle = {Proc. ASPLOS},
 year = {2011},
 pages = {199--212}
} 

@inproceedings{coma,
 author = {Chang, Richard and Jiang, Guofei and Ivancic, Franjo and Sankaranarayanan, Sriram and Shmatikov, Vitaly},
 title = {Inputs of Coma: Static Detection of Denial-of-Service Vulnerabilities},
 booktitle = {Proc. CSF},
 year = {2009},
 isbn = {978-0-7695-3712-2},
 pages = {186--199}
} 

@article{mvc,
author = {Edward Curry and Paul Grace},
title = {Flexible Self-Management Using the Model-View-Controller Pattern},
journal = {IEEE Software},
volume = {25},
year = {2008},
pages = {84--90},
issue = {3},
doi = {10.1109/MS.2008.60},
masid = {4769784}
}


@book{regression,
  title={Regression Analysis by Example},
  author={Chatterjee, S. and Hadi, A.S.},
  isbn={9780471746966},
  lccn={2006044595},
  series={Wiley series in probability and mathematical statistics},
  year={2006},
  publisher={Wiley-Interscience}
}


@inproceedings{zeller2,
author = {Holger Cleve and Andreas Zeller},
title = {Locating causes of program failures},
booktitle = {Proc. ICSE},
year = {2005},
pages = {342--351},
doi = {10.1145/1062455.1062522},
masid = {1239201}
}


@inproceedings{zeller1,
 author = {Zeller, Andreas},
 title = {Isolating cause-effect chains from computer programs},
 booktitle = {Proc. FSE},
 year = {2002},
 pages = {1--10}
} 

@article{pdg,
author = {Jeanne Ferrante and Karl J. Ottenstein},
title = {The program dependence graph and its use in optimization},
journal = {TOPLAS},
volume = {9},
year = {1987},
pages = {319--349},
issue = {3}
}


@Misc{windowsapi,
title={{Windows API}},
	url = {{http://msdn.microsoft.com/en-us/library/cc433218\%28VS.85\%29.aspx}},
	note = {http://msdn.microsoft.com/en-us/library/cc433218\%28VS.85\%29.aspx}

}




@Misc{sourceforge,
title={{SourceForge}},
	url = {{http://sourceforge.net/}},
	note = {http://sourceforge.net/}

}

@Misc{windowsform,
title={{Windows Forms and Windows Presentation Foundation}},
	url = {{http://windowsclient.net/}},
	note = {http://windowsclient.net/}

}

@Misc{awt,
title={{Java Abstract Windows Toolkit (AWT)}},
	url = {{http://docs.oracle.com/javase/6/docs/technotes/guides/awt/}},
	note = {http://docs.oracle.com/javase/6/docs/technotes/guides/awt/}

}

@Misc{swing,
title={{Java Swing}},
	url = {{http://docs.oracle.com/javase/tutorial/uiswing/}},
	note = {http://docs.oracle.com/javase/tutorial/uiswing/}

}


@article{opinrank,
author = {Kavita Ganesan and ChengXiang Zhai},
title = {Opinion-Based Entity Ranking},
journal = {Information Retrieval},
year = {2011},
pages = {1--35},
doi = {10.1007/s10791-011-9174-8},
masid = {14004732}
}

@inproceedings{summarizeComponentPerf,
 author = {Srinivas, Kavitha and Srinivasan, Harini},
 title = {Summarizing application performance from a components perspective},
 booktitle = {Proc. ESEC/FSE},
 year = {2005},
 pages = {136--145}
} 



@inproceedings{findPerfBottleneck,
author = {Glenn Ammons and Jong-deok Choi and Manish Gupta and Nikhil Swamy},
title = {Finding and Removing Performance Bottlenecks in Large Systems},
booktitle = {Proc. ECOOP},
year = {2004},
pages = {170--194},
doi = {10.1007/978-3-540-24851-4_8},
masid = {593012}
}



@inproceedings{speed,
author = {Sumit Gulwani and Krishna K. Mehra and Trishul M. Chilimbi},
title = {{SPEED}: precise and efficient static estimation of program computational complexity},
booktitle = {Proc. POPL},
year = {2009},
pages = {127--139},
doi = {10.1145/1480881.1480898},
masid = {4728556}
}

@inproceedings{wait,
 author = {Altman, Erik and Arnold, Matthew and Fink, Stephen and Mitchell, Nick},
 title = {Performance analysis of idle programs},
 booktitle = {Proc. OOPSLA},
 year = {2010},
 isbn = {978-1-4503-0203-6},
 pages = {739--753}
 }

@Misc{7zip,
title={{7-Zip}},
	url = {{http://www.7-zip.org/}},
	note = {http://www.7-zip.org/}

}


@inproceedings{calltreeprofile,
author = {Glenn Ammons and Thomas Ball and James R. Larus.},
title = {Exploiting hardware performance counters with flow and context sensitive profiling.},
booktitle = {Proc. PLDI},
year = {1997},
pages = {85--96}
}

@inproceedings{stacksampling,
author = {Robert J. Hall.},
title = {CPPROFJ: Aspect-capable call path profiling of multi-threaded Java applications},
booktitle = {Proc. ASE},
year = {2002},
pages = {107--116},
doi = {10.1109/ASE.2009.87},
masid = {6604767}
}


@Misc{winhang,
title={{Preventing Hangs in Windows Applications}},
	url = {{http://msdn.microsoft.com/en-us/library/dd744765(v=vs.85).aspx}},
	note = {http://msdn.microsoft.com/en-us/library/dd744765(v=vs.85).aspx}

}




@inproceedings{jinsight,
 author = {Pauw, Wim De and Vlissides, John M.},
 title = {Visualizing Object-Oriented Programs with Jinsight},
 booktitle = {Proc. ECOOP},
 year = {1998},
 pages = {541--542}
 }

@inproceedings{gprof,
 author = {Graham, Susan L. and Kessler, Peter B. and Mckusick, Marshall K.},
 title = {Gprof: A call graph execution profiler},
 booktitle = {Proc. PLDI},
 year = {1982},
 isbn = {0-89791-074-5},
 pages = {120--126},
 numpages = {7}
} 

@inproceedings{looptermination,
author = {Byron Cook and Andreas Podelski and Andrey Rybalchenko},
title = {Termination proofs for systems code},
booktitle = {Proc. PLDI},
year = {2006},
pages = {415--426},
doi = {10.1145/1133981.1134029},
masid = {2140413}
}

@inproceedings{infiniteloop,
author = {Jacob Burnim and Nicholas Jalbert and Christos Stergiou and Koushik Sen},
title = {Looper: Lightweight Detection of Infinite Loops at Runtime},
booktitle = {Proc. ASE},
year = {2009},
pages = {161--169},
doi = {10.1109/ASE.2009.87},
masid = {6604767}
}

@inproceedings{deadlock,
author = {Dawson R. Engler and Ken Ashcraft},
title = {RacerX: effective, static detection of race conditions and deadlocks},
booktitle = {Proc. SOSP},
year = {2003},
pages = {237--252},
doi = {10.1145/945445.945468},
masid = {574013}
}


@inproceedings{concurrency,
author = {Shan Lu and Soyeon Park and Eunsoo Seo and Yuanyuan Zhou},
title = {Learning from mistakes: a comprehensive study on real world concurrency bug characteristics},
booktitle = {Proc. ASPLOS},
year = {2008},
pages = {329--339},
doi = {10.1145/1346281.1346323},
masid = {4235825}
}

@inproceedings{30sec,
author = {Simon Peter and Andrew Baumann and Timothy Roscoe and Paul Barham and Rebecca Isaacs},
title = {30 seconds is not enough!: a study of operating system timer usage},
booktitle = {Proc. EuroSys},
year = {2008},
pages = {205--218},
doi = {10.1145/1352592.1352614},
masid = {4333308}
}

@Misc{notepadplus,
title={{Notepad++}},
	url = {{http://notepad-plus-plus.org/}},
	note = {http://notepad-plus-plus.org/}

}

@Misc{firefox,
title={{Firefox}},
	url = {{http://www.mozilla.org/firefox/}},
	note = {http://www.mozilla.org/firefox/}

}

@inproceedings{bloatAnalysis,
author = {Nick Mitchell and Matthew Arnold and Atanas Rountev and Gary Sevitsky},
title = {Software bloat analysis: finding, removing, and preventing performance problems in modern large-scale object-oriented applications},
booktitle = {Proc. FoSER},
year = {2010},
pages = {421--426},
}


@inproceedings{hangAnalysis,
author = {Xi Wang and Zhenyu Guo and Xuezheng Liu and Zhilei Xu and Haoxiang Lin and Xiaoge Wang and Zheng Zhang},
title = {Hang analysis: fighting responsiveness bugs},
booktitle = {Proc. EuroSys},
year = {2008},
pages = {177--190},
doi = {10.1145/1352592.1352612},
masid = {4333267}
}

@article{complexityAnalysis,
author = {Simon F. Goldsmith and Alex S. Aiken and Daniel Shawcross Wilkerson},
title = {Measuring empirical computational complexity},
booktitle = {Proc. ESEC/FSE},
year = {2007},
pages = {395--404},
doi = {10.1145/1287624.1287681},
masid = {4317517}
}


@inproceedings{surveyHang,
author = {Xiang Song and Haibo Chen and Binyu Zang},
title = {Why software hangs and what can be done with it},
booktitle = {Proc. DSN},
year = {2010},
pages = {311--316},
doi = {10.1109/DSN.2010.5544304},
masid = {39262358}
}

@inproceedings{api2spec,
 author = {Zhong, Hao and Zhang, Lu and Xie, Tao and Mei, Hong},
 title = {Inferring Resource Specifications from Natural Language API Documentation},
 booktitle = {Proc. ASE},
 year = {2009},
 isbn = {978-0-7695-3891-4},
 pages = {307--318},
 numpages = {12},
 url = {http://dx.doi.org/10.1109/ASE.2009.94},
 doi = {10.1109/ASE.2009.94}
} 

@inproceedings{nlpinfermethod,
 author = {Rahul Pandita and Xusheng Xiao and Hao Zhong and Tao Xie and Stephen Oney and Amit Paradkar},
 title = {Inferring Method Specifications from Natural Language API Descriptions.},
 booktitle = {Proc. ICSE},
 pages = {815--825},
 year = {2012}
 }


@inproceedings{nlppolicy,
 author = {Michael, James Bret and Ong, Vanessa L. and Rowe, Neil C.},
 title = {Natural-Language Processing Support for Developing Policy-Governed Software Systems},
 booktitle = {Proc. TOOLS},
 year = {2001},
 pages = {263--274},
 url = {http://dl.acm.org/citation.cfm?id=882501.884735}
}


@article{rolebase,
 author = {Ferraiolo, David F. and Sandhu, Ravi and Gavrila, Serban and Kuhn, D. Richard and Chandramouli, Ramaswamy},
 title = {Proposed {NIST} Standard for Role-based Access Control},
 journal = {ACM Trans. Inf. Syst. Secur.},
 pages = {224--274},
 publisher = {ACM}
} 

@inproceedings{workflow,
 author = {Schaad, Andreas and Lotz, Volkmar and Sohr, Karsten},
 title = {A Model-checking Approach to Analysing Organisational Controls in A Loan Origination Process},
 booktitle = {Proc. SACMAT},
 year = {2006},
 pages = {139--149}
 }

@inproceedings{informationflow,
  author    = {Mikhail I. Gofman and
               Ruiqi Luo and
               Jian He and
               Yingbin Zhang and
               Ping Yang},
  title     = {Incremental Information Flow Analysis of Role Based Access
               Control},
  booktitle = {Security and Management},
  year      = {2009},
  pages     = {397-403},
  crossref  = {DBLP:conf/csreaSAM/2009},
  bibsource = {DBLP, http://dblp.uni-trier.de}
}

@Misc{hhs,
title={{U.S.} Department of {H}ealth \& {H}uman {S}ervice ({HHS})},
	url = {{http://www.hhs.gov/}},
	note = {\url{http://www.hhs.gov/}}

}

@inproceedings{xengine,
 author = {Liu, Alex X. and Chen, Fei and Hwang, JeeHyun and Xie, Tao},
 title = {Xengine: a fast and scalable {XACML} policy evaluation engine},
 booktitle = {Proc. SIGMETRICS},
 year = {2008},
 isbn = {978-1-60558-005-0},
 location = {Annapolis, MD, USA},
 pages = {265--276},
 numpages = {12},
 url = {http://doi.acm.org/10.1145/1375457.1375488},
 doi = {10.1145/1375457.1375488},
 acmid = {1375488}
}


@Misc{onc,
title={Office of the National Coordinator for Health Information Technology (ONC)},
	url = {{http://www.hhs.gov/healthit/}},
	note = {\url{http://www.hhs.gov/healthit/}}

}

@INPROCEEDINGS{faultwww07,
    author = {Evan Martin and Tao Xie},
    title = {A Fault Model and Mutation Testing of Access Control Policies},
    booktitle = {Proc. WWW},
    year = {2007},
    pages = {667--676}
}

@inproceedings{Dougherty06specifyingand,
 author = {Dougherty, Daniel J. and Fisler, Kathi and Krishnamurthi, Shriram},
 title = {Specifying and reasoning about dynamic access-control policies},
 booktitle = {Proc. IJCAR},
 year = {2006},
 isbn = {3-540-37187-7, 978-3-540-37187-8},
 pages = {632--646},
 numpages = {15},
 url = {http://dx.doi.org/10.1007/11814771_51},
 doi = {10.1007/11814771_51},
 acmid = {2136173}
} 

@Misc{xacmldoc,
title={e{X}tensible {A}ccess {C}ontrol {M}arkup {L}anguage ({XACML}) specification},
year = {2005},
	url = {{\text http://docs.oasis-open.org/xacml/2.0/access\_control-xacml-2.0-core-spec-os.pdf}},
	note = {{\text http://docs.oasis-open.org/xacml/2.0/access\_control-xacml-2.0-core-spec-os.pdf}}

}

@Misc{hhs,
title={eXtensible Access Control Markup Language (XACML) Version 2.0},
year = {2005},
	url = {{\text docs.oasis-open.org/xacml/2.0/access\_control-xacml-2.0-core-spec-os.pdf}},
	note = {{\text docs.oasis-open.org/xacml/2.0/access\_control-xacml-2.0-core-spec-os.pdf}}

}

@Misc{itrustweb,
title={i{T}rust: Role-Based Healthcare},
year = {2008},
	url = {http://agile.csc.ncsu.edu/iTrust/wiki/},
	note = {http://agile.csc.ncsu.edu/iTrust/wiki/}

}

@inproceedings{synthesis,
 author = {Zhang, Nan and Ryan, Mark and Guelev, Dimitar P.},
 title = {Synthesising Verified Access Control Systems in XACML},
 booktitle = {Proc. FMSE},
 year = {2004},
 pages = {56--65}
} 


@Misc{text2policy,
title={{Text2Policy}},
year = {2011},
	url = {http://research.csc.ncsu.edu/ase/projects/text2policy/},
	note = {http://research.csc.ncsu.edu/ase/projects/text2policy/}

}

@INPROCEEDINGS{assessing,
    author = {Evan Martin and JeeHyun Hwang and Tao Xie and Vincent Hu},
    title = {Assessing Quality of Policy Properties in Verification of Access Control Policies},
    booktitle = {Proc. ACSAC 2008},
    year = {2008}, 
    pages = {163--172}
}

@article{modelchecking,
  author    = {Vincent C. Hu and
               D. Richard Kuhn and
               Tao Xie and
               JeeHyun Hwang},
  title     = {Model Checking for Verification of Mandatory Access Control
               Models and Properties},
  journal   = {IJSEKE},
  volume    = {21},
  number    = {1},
  year      = {2011},
  pages     = {103-127},
  ee        = {http://dx.doi.org/10.1142/S021819401100513X},
  bibsource = {DBLP, http://dblp.uni-trier.de}
}

@inproceedings{iTrust,
    author = {Williams, Laurie and Shin, Yonghee},
    booktitle = {Proc. FIE},
    pages = {30--31},
    title = {Work in Progress: Exploring Security and Privacy Concepts through the Development and Testing of the iTrust Medical Records System},
    year = {2006}
}


@INPROCEEDINGS{anaphorafor,
    author = {Christopher Kennedy},
    title = {Anaphora For Everyone: Pronominal Anaphora Resolution Without A Parser},
    pages     = {113-118},
    booktitle = {Proc. COLING},
    year = {1996}
}

@book{rbac,
 author = {Ferraiolo, David F. and Kuhn, D. Richard and Chandramouli, Ramaswamy},
 title = {Role-Based Access Control},
 year = {2003},
 publisher = {Artech House, Inc.}
} 

@book{assessment,
 author = {Jones, Capers},
 title = {Software Assessments, Benchmarks, and Best Practices},
 year = {2000},
 publisher = {Addison-Wesley Longman Publishing Co., Inc.}
}


@article{templateMatch,
 author = {Etzioni, Oren and Cafarella, Michael and Downey, Doug and Popescu, Ana-Maria and Shaked, Tal and Soderland, Stephen and Weld, Daniel S. and Yates, Alexander},
 title = {Unsupervised Named-entity Extraction from the Web: An Experimental Study},
 journal = {Artif. Intell.},
 year = {2005},
 pages = {91--134}
} 


@inproceedings{postag,
 author = {Ando, Rie Kubota},
 title = {Exploiting Unannotated Corpora for Tagging And Chunking},
 booktitle = {Proc. ACL},
 year = {2004}
} 

@inproceedings{scenariobased,
 author = {Ralyt\'{e}, Jolita and Rolland, Colette and Plihon, V\'{e}ronique},
 title = {Method Enhancement with Scenario Based Techniques},
 booktitle = {In Proc. CAiSE},
 year = {1999},
 pages = {103--118}
} 

@book{jacobsonusecase,
 author = {Jacobson, Ivar},
 title = {Object-Oriented Software Engineering: A Use Case Driven Approach},
 year = {2004},
 isbn = {0201403471},
 publisher = {Addison Wesley Longman Publishing Co., Inc.}
} 

@Misc{umuxacml,
title={{UMU-XACML-Editor}},
year = {2010},
	url = {http://xacml.dif.um.es/},
	note = {\url{http://xacml.dif.um.es/}}

}

@inproceedings{acpt,
  author    = {JeeHyun Hwang and
               Tao Xie and
               Vincent C. Hu and
               Mine Altunay},
  title     = {{ACPT}: A Tool for Modeling and Verifying Access Control Policies},
  booktitle = {Proc. POLICY},
  year      = {2010},
  pages     = {40-43},
  ee        = {http://doi.ieeecomputersociety.org/10.1109/POLICY.2010.22},
  crossref  = {DBLP:conf/policy/2010},
  bibsource = {DBLP, http://dblp.uni-trier.de}
}



@Misc{acptweb,
	title  ={Access Control Policy Tool (ACPT)},
	year = {2010},
	url = {http://csrc.nist.gov/groups/SNS/acpt/acpt-beta.html},
	note = {\url{http://csrc.nist.gov/groups/SNS/acpt/acpt-beta.html}}
}


@ARTICLE{acpinre,
    author = {Robert Crook and Darrel Ince and Bashar Nuseibeh},
    title = {Modelling Access Policies using Roles in Requirements Engineering},
    journal = {Information and Software Technology (Elsevier},
    year = {2003}
}

@article{recaps,
 author = {He, Qingfeng and Ant\'{o}n, Annie I.},
 title = {Requirements-based Access {C}ontrol {A}nalysis and {P}olicy {S}pecification ({ReCAPS})},
 journal = {Inf. Softw. Technol.},
 issue_date = {June, 2009},
 volume = {51},
 number = {6},
 year = {2009},
 issn = {0950-5849},
 pages = {993--1009},
 publisher = {Butterworth-Heinemann},
 address = {Newton, MA, USA},
 keywords = {Access control, Requirements analysis, Security},
} 


@book{userstory,
 author = {Cohn, Mike},
 title = {User Stories Applied: For Agile Software Development},
 year = {2004},
 publisher = {Addison Wesley Longman Publishing Co., Inc.}
} 

@book{nfr,
 author = {Greene, Jennifer and Stellman, Andrew},
 title = {Applied Software Project Management},
 year = {2005},
 publisher = {O'Reilly}
} 


@inproceedings{nlpusecase,
 author = {Jagielska, Dorota and Wernick, Paul and Wood, Mick and Bennett, Steve},
 title = {How Natural Is Natural Language?: How Well Do Computer Science Students Write Use Cases?},
 booktitle = {Proc. OOPSLA},
 year = {2006},
 pages = {914--924}
} 

@book{effectiveusecase,
 author = {Cockburn, Alistair},
 title = {Writing Effective Use Cases},
 year = {2000},
 edition = {1st},
 publisher = {Addison-Wesley Longman Publishing Co., Inc.}
} 

@Misc{stanfordparser,
	title  ={The Stanford Parser: A statistical parser},
	year = {2003},
	url = {http://http://nlp.stanford.edu/software/lex-parser.shtml},
	note = {\url{http://nlp.stanford.edu/software/lex-parser.shtml}}
}

@article{codecomment,
  author    = {Michael L. Van de Vanter},
  title     = {The Documentary Structure of Source Code},
  journal   = {Information {\&} Software Technology},
  volume    = {44},
  number    = {13},
  year      = {2002},
  pages     = {767-782}
}

@article{evolvingsoftware,
author = {S. Bohner},
title = {Software Change Impacts - An Evolving Perspective},
journal ={Proc. ICSM},
year = {2002},
pages = {263},
publisher = {IEEE Computer Society}
}


@book{softwarechange,
 author = {Arnold, Robert S.},
 title = {Software Change Impact Analysis},
 year = {1996},
 publisher = {IEEE Computer Society Press}
} 

@incollection{jml,
    author = {Chalin, Patrice and Kiniry, Joseph R. and Leavens, Gary T. and Poll, Erik},
    booktitle = {Formal Methods for Components and Objects},
    chapter = {16},
    journal = {Lecture Notes in Computer Science : Formal Methods for Components and Objects},
    pages = {342-363},
    publisher = {Springer-Verlag},
    title = {Beyond Assertions: Advanced Specification and Verification with JML and ESC/Java2},
    year = {2006}
}


@incollection{specsharp,
 author = {Barnett, Mike and Deline, Robert and F\"{a}hndrich, Manuel and Jacobs, Bart and Leino, K. Rustan and Schulte, Wolfram and Venter, Herman},
 title = {The Spec\# Programming System: Challenges and Directions},
 booktitle = {Verified Software: Theories, Tools, Experiments},
 editor = {Meyer, Bertrand and Woodcock, Jim},
 year = {2008},
 publisher = {Springer-Verlag}
}

@book{wordNet,
  editor = {Fellbaum, Christiane},
  interhash = {42daa1681607dd1d3f3234c605d84ec3},
  intrahash = {2e282d8bb3aa81b255b179c0772b3bf7},
  isbn = {978-0-262-06197-1},
  keywords = {database electronical lexical wismasys0809 wordnet},
  publisher = {The MIT Press},
  timestamp = {2008-10-29T11:57:52.000+0100},
  title = {WordNet An Electronic Lexical Database },
  url = {http://mitpress.mit.edu/catalog/item/default.asp?ttype=2&tid=8106},
  year = 1998
}


@book{uml,
 author = {Booch, Grady and Rumbaugh, James and Jacobson, Ivar},
 title = {Unified Modeling Language User Guide},
 year = {2005},
 isbn = {0321267974},
 publisher = {Addison-Wesley Professional},
 }

@incollection{lightParsing,
 author = {Grefenstette, Gregory},
 chapter = {Light parsing as finite state filtering},
 title = {Extended finite state models of language},
 editor = {Kornai, Andr\'{a}s},
 year = {1999},
 isbn = {0-521-63198-X},
 pages = {86--94},
 numpages = {9},
 url = {http://dl.acm.org/citation.cfm?id=319800.319817},
 acmid = {319817},
 publisher = {Cambridge University Press}
}
 
@INPROCEEDINGS{fastus,
    author = {Mark Stickel and Mabry Tyson},
    title = {FASTUS: A Cascaded Finite-state Transducer for Extracting Information from Natural-language Text},
    booktitle = {Proc. Finite-State Language Processing},
    pages = {383--406},
    year = {1997}
}

@InProceedings{fsmnlp,
  author = 	 {Branimir K. Boguraev},
  booktitle= {Proc. INTEX-3},
  title = 	 {Towards Finite-State Analysis of Lexical Cohesion},
  year = {2000}
}

@inproceedings{lessismore,
  author    = {Matthew Kaplan and
               Tim Klinger and
               Amit M. Paradkar and
               Avik Sinha and
               Clay Williams and
               Cemal Yilmaz},
  title     = {Less is More: A Minimalistic Approach to UML Model-Based
               Conformance Test Generation},
  booktitle = {Proc. ICST},
  year      = {2008}
}

@article{uima,
 author = {Ferrucci, David and Lally, Adam},
 title = {UIMA: An Architectural Approach to Unstructured Information Processing in the Corporate Research Environment},
 journal = {Nat. Lang. Eng.},
 year = {2004},
 publisher = {Cambridge University Press}
 }

@Book{firstorderlogic,
  author={Jon Barwise},
  title = 	 {Handbook of Mathematical Logic (Studies in Logic and the Foundations of Mathematic)},
  publisher = 	 {North Holland},
  year = 	 {1982}
}

@book{Ullman88,
  author    = {Jeffrey D. Ullman},
  title     = {Principles of Database and Knowledge-Base Systems, Volume
               I},
  publisher = {Computer Science Press},
  year      = {1988},
  isbn      = {0-7167-8158-1}
}

@inproceedings{semanticmodel,
  author    = {G{\"u}nther Fliedl and
               Christian Kop and
               Heinrich C. Mayr and
               Christian Winkler and
               Georg Weber and
               Alexander Salbrechter},
  title     = {Semantic Tagging and Chunk-Parsing in Dynamic Modeling},
  booktitle = {NLDB},
  year      = {2004}
 }

 @article{guideText,
 author = {Rolland, Colette and Achour, Camille Ben},
 title = {Guiding the construction of textual use case specifications},
 journal = {Data Knowl. Eng.},
 issue_date = {March 1998},
 volume = {25},
 number = {1-2},
 year = {1998},
 issn = {0169-023X},
 pages = {125--160},
 numpages = {36},
 url = {http://dx.doi.org/10.1016/S0169-023X(97)86223-4},
 doi = {10.1016/S0169-023X(97)86223-4},
 acmid = {290552},
 address = {Amsterdam, The Netherlands, The Netherlands},
 keywords = {requirements elicitation, textual scenario analysis, use case specification},
} 

@Misc{epal,
	title  ={Enterprise Privacy Architecture Language ({EPAL} 1.2)},
	author ={Ashley, P. and Hada, S. and Karjoth, G. and Powers, C. and Schunter, M.},
	year = {2003},
	url = {http://www.w3.org/Submission/EPAL/},
	note = {\url{http://www.w3.org/Submission/EPAL/}}
}

@Misc{privacyXacml,
	title  ={Privacy Policy Profile of XACML v2.0.},
	author ={OASIS},
	year = {2005},
	url = {http://docs.oasis-open.org/xacml/2.0/privateprofile/access_control-xacml-2.0-privacy_profile-specos.pdf},
	note = {http://docs.oasis-open.org/xacml/2.0/privateprofile/access\_control-xacml-2.0-privacy\_profile-specos.pdf}
}


@article{shallowparser,
 author = {Neff, Mary S. and Byrd, Roy J. and Boguraev, Branimir K.},
 title = {The Talent System: TEXTRACT Architecture And Data Model},
 journal = {Nat. Lang. Eng.},
 volume = {10},
 number = {3-4},
 pages     = {307-326},
 year = {2004},
 publisher = {Cambridge University Press}
 }

@inproceedings{sparcleHCI,
 author = {Karat, Clare-Marie and Karat, John and Brodie, Carolyn and Feng, Jinjuan},
 title = {Evaluating Interfaces for Privacy Policy Rule Authoring},
 booktitle = {Proc. CHI '06},
 pages     = {83-92},
 year = {2006}
 }

@Misc{oecd,
	title  ={OECD Guidelines on the Protection of Privacy And Transborder Flows of Personal Data},
	author ={OECD},
	year = {1980},
	url = {http://www.oecd.org/home/},
	note = {\url{http://www.oecd.org/home/}}
}

@Misc{codecontract,
title = {Code Contracts},
author = {Microsoft Research},
year = {2009},
url = {http://research.microsoft.com/en-us/projects/contracts/},
note = {\url{http://research.microsoft.com/en-us/projects/contracts/}}
}


@book{privacyRule,
  editor    = {National Research Council.},
  title     = {Who Goes There? Authentication Through the Lens of Privacy.},
  publisher = {National Academies Press},
  year      = {2003}
}

@inproceedings{sparcle05,
 author = {Brodie, Carolyn and Karat, Clare-Marie and Karat, John and Feng, Jinjuan},
 title = {Usable Security and Privacy: A Case Study of Developing Privacy Management Tools},
 booktitle = {Proc. SOUPS},
 pages = {35--43},
 numpages = {9},
 year = {2005}
 }


@inproceedings{empiricalSparcle,
 author = {Brodie, Carolyn A. and Karat, Clare-Marie and Karat, John},
 title = {An Empirical Study of Natural Language Parsing of Privacy Policy Rules Using the SPARCLE Policy Workbench},
 booktitle = {Proc. SOUPS},
 pages = {8--19},
 numpages = {12},
 year = {2006}
}

@inproceedings{designNLP,
  author    = {John Karat and Clare-Marie Karat and Carolyn Brodie and Jinjuan Feng},
  title     = {Designing Natural Language and Structured Entry Methods for Privacy Policy Authoring},
  booktitle = {Proc. INTERACT},
  pages     = {671-684},
  year      = {2005}
}

@inproceedings{linguistic,
  author    = {Avik Sinha and
               Amit M. Paradkar and
               Palani Kumanan and
               Branimir Boguraev},
  title     = {A Linguistic Analysis Engine for Natural Language Use Case Description and Its Application to Dependability Analysis in Industrial Use Cases},
  booktitle = {Proc. DSN},
  pages     = {327-336},
  year      = {2009}
}

@inproceedings{invariant,
  author    = {Haim Kilov and
               Ian Simmonds},
  title     = {Business Rules: From Business Specification to Design},
  booktitle = {ECOOP Workshops},
  year      = {1997}
}

@book{integrityconstraint,
  editor    = {Jorge Horacio Doorn and
               Laura C. Rivero},
  title     = {Database Integrity: Challenges and Solutions},
  publisher = {Idea Group},
  year      = {2002}
}

@Misc{xacml,
	title  ={e{X}tensible {A}ccess {C}ontrol {M}arkup {L}anguage ({XACML})},
	year = {2005},
	url = {www.oasis-open.org/committees/xacml},
	note = {\url{www.oasis-open.org/committees/xacml}}
}



@inproceedings{text2test,
 author = {Sinha, Avik and Jr., Stanley M.  Sutton and Paradkar, Amit},
 title = {Text2Test: Automated Inspection of Natural Language Use Cases},
 booktitle = {Proc. ICST},
 pages     = {155-164},
 year = {2010}
 }

@book{usecase,
 author = {I Jacobson, M Christerson, P Jonsson, G Overgaard},
 title = {Object-Oriented Software Engineering: A Use Case Driven Approach},
 year = {1992},
 publisher = {Addison Wesley Longman Publishing Co., Inc.}
 }

@inproceedings{acp,
 author = {Samarati, Pierangela and Vimercati, Sabrina De Capitani di},
 title = {Access Control: Policies, Models, and Mechanisms},
 booktitle = {Proc. FOSAD},
 year = {2001},
 pages = {137--196}
 }

@Misc{businessRule,
	title  ={Defining Business Rules - What Are They Really?},
	author ={Business Rules Group},
	year = {2000},
	url = {http://www.businessrulesgroup.org},
	note = {\url{http://www.businessrulesgroup.org}}
}

@inproceedings{wise,
 author = {Burnim, Jacob and Juvekar, Sudeep and Sen, Koushik},
 title = {WISE: Automated test generation for worst-case complexity},
 booktitle = {Proc. ICSE},
 year = {2009}
 }

@article{systemsymbolic,
 author = {Clarke, L. A.},
 title = {A System to Generate Test Data and Symbolically Execute Programs},
 journal = {IEEE Trans. Softw. Eng.},
 year = {1976},
 pages = {215--222},
 publisher = {IEEE Press}
 }

@book{art,
 author = {Myers, Glenford J.},
 title = {The Art of Software Testing},
 year = {1979},
 publisher = {John Wiley \& Sons, Inc.}
 }

@INPROCEEDINGS{taneja10:moda,
    author = {Kunal Taneja and Yi Zhang and Tao Xie},
    title = {{MODA}: Automated Test Generation for Database Applications via Mock Objects},
    booktitle = {Proc. ASE)},
    month = {September},
    year = {2010}
}

@inproceedings{dbdynamic,
 author = {Emmi, Michael and Majumdar, Rupak and Sen, Koushik},
 title = {Dynamic Test Input Generation for Database Applications},
 booktitle = {Proc. ISSTA},
 year = {2007}
 }

@BOOK{testbook,
  title = {Introduction to Software Testing},
  publisher = {Cambridge University Press},
  year = {2008},
  author = {Ammann, Paul and Offutt, Jeff}
}

@book{algorithm,
 author = {Cormen, Thomas H. and Stein, Clifford and Rivest, Ronald L. and Leiserson, Charles E.},
 title = {Introduction to Algorithms},
 year = {2001},
 publisher = {McGraw-Hill Higher Education},
 }
@BOOK{stateCovBook,
  title = {Software testing techniques (2nd ed.)},
  publisher = {Van Nostrand Reinhold Co.},
  year = {1990},
  author = {Beizer, Boris}
}

@INPROCEEDINGS{klee,
  author = {Cristian Cadar and Daniel Dunbar and Dawson R. Engler},
  title = {{KLEE}: Unassisted and Automatic Generation of High-Coverage Tests
	for Complex Systems Programs},
  booktitle = {Proc. OSDI},
  year = {2008},
  pages = {209-224}
}

@INPROCEEDINGS{CadarGPDE06,
  author = {Cristian Cadar and Vijay Ganesh and Peter M. Pawlowski and David
	L. Dill and Dawson R. Engler},
  title = {{EXE}: Automatically Generating Inputs of Death},
  booktitle = {Proc. CCS},
  year = {2006},
  pages = {322-335}
}

@article{symbolic,
 author = {King, James C.},
 title = {Symbolic Execution and Program Testing},
 journal = {Commun. ACM},
 volume = {19},
 number = {7},
 year = {1976},
 pages = {385--394}
 }

@INPROCEEDINGS{stp,
  author = {Vijay Ganesh and David L. Dill},
  title = {A Decision Procedure for Bit-Vectors and Arrays},
  booktitle = {Proc. CAV},
  year = {2007},
  pages = {519-531}
}

@INPROCEEDINGS{dart,
  author = {Patrice Godefroid and Nils Klarlund and Koushik Sen},
  title = {{DART}: Directed Automated Random Testing},
  booktitle = {Proc. PLDI},
  year = {2005},
  pages = {213-223}
}

@INPROCEEDINGS{HalleuxT08,
  author = {Jonathan de Halleux and Nikolai Tillmann},
  title = {Parameterized Unit Testing with Pex},
  booktitle = {Proc. TAP},
  year = {2008},
  pages = {171-181}
}

@INPROCEEDINGS{cdg,
  author = {Horwitz, Susan},
  title = {Tool Support for Improving Test Coverage},
  booktitle = {Proc. ESOP},
  year = {2002},
  pages = {162--177}
}

@ARTICLE{branch,
  author = {Ntafos, S. C.},
  title = {A Comparison of Some Structural Testing Strategies},
  journal = {IEEE Trans. Softw. Eng.},
  year = {1988},
  volume = {14},
  pages = {868--874},
  number = {6}
}

@INPROCEEDINGS{cute,
  author = {Koushik Sen and Darko Marinov and Gul Agha},
  title = {{CUTE}: a Concolic Unit Testing Engine for {C}},
  booktitle = {Proc. ESEC/FSE},
  year = {2005},
  pages = {263-272}
}

@INPROCEEDINGS{TillmannH08,
  author = {Nikolai Tillmann and Jonathan de Halleux},
  title = {Pex-White Box Test Generation for .NET},
  booktitle = {Proc. TAP},
  year = {2008},
  pages = {134-153}
}

@INPROCEEDINGS{PUT,
  author = {Nikolai Tillmann and Wolfram Schulte},
  title = {Parameterized Unit Tests},
  booktitle = {Proc. ESEC/FSE},
  year = {2005},
  pages = {253-262}
}

@inproceedings{z3,
  author    = {Leonardo Mendon\c{c}a de Moura and
               Nikolaj Bj{\o}rner},
  title     = {Z3: An Efficient {SMT} Solver},
  booktitle = {Proc. TACAS},
  year      = {2008},
  pages     = {337-340}
}

@Misc{xunit,
	title  ={xUnit},
	year = {2007},
	key={xunit},
	url = {http://www.codeplex.com/xunit},
	note = {\url{http://www.codeplex.com/xunit}}
}

@Misc{nhibernate,
	title  ={NHibernate},
	year = {2008},
	key={nhibernate},
	url = {https://www.hibernate.org/343.html},
	note = {\url{https://www.hibernate.org/343.html}}
}

@Misc{Math,
	title  ={Math.NET},
	year = {2008},
	key={math},
	url = {http://www.mathdotnet.com/},
	note = {\url{http://www.mathdotnet.com/}}
}

@Misc{agitar,
	title  ={Agitar AgitarOne},
	year = {2009},
	key={agitar},
	url = {http://www.agitar.com/solutions/products/agitarone.html},
	note = {\url{http://www.agitar.com/solutions/products/agitarone.html}}
}	

@Misc{parasoft,
	title  ={Parasoft Jtest},
	year = {2009},
	key={parasoft},
	url = {http://www.parasoft.com/jsp/products/home.jsp?product=Jtest},
	note = {\url{http://www.parasoft.com/jsp/products/home.jsp?product=Jtest}}
}

@Misc{codepro,
	title  ={CodePro AnalytiX},
	year = {2009},
	key={parasoft},
	url = {http://www.instantiations.com/codepro/},
	note = {\url{http://www.instantiations.com/codepro/}}
}


@Misc{quickGraph,
	title  ={QuickGraph: A 100\% C\# graph library with Graphviz Support},
	year = {2008},
	key={quickGraph},
	url = {http://www.codeproject.com/KB/miscctrl/quickgraph.aspx},
	note = {\url{http://www.codeproject.com/KB/miscctrl/quickgraph.aspx}}
}


@Misc{svnBridge,
	title  ={SvnBridge: Use TortoiseSVN with Team Foundation Server},
	key={svnBridge},
	year = {2009},
	url = {http://www.codeplex.com/SvnBridge},
	note = {\url{http://www.codeplex.com/SvnBridge}}
}


@INPROCEEDINGS{mseqgen,
    author = {Suresh Thummalapenta and Tao Xie and Nikolai Tillmann and Peli de Halleux and Wolfram Schulte},
    title = {{MSeqGen}: Object-Oriented Unit-Test Generation via Mining Source Code},
    booktitle = {Proc. ESEC/FSE},
    year = {2009},
    pages = {193--202},
}


@ARTICLE{mock,
  author = {Mackinnon, Tim and Freeman, Steve and Craig, Philip},
  title = {Endo-testing: Unit Testing with Mock Objects},
  year = {2001},
  pages = {287--301},
  book = {Extreme programming examined}
}

@inproceedings{residual,
  author    = {Christina Pavlopoulou and
               Michal Young},
  title     = {Residual Test Coverage Monitoring},
  booktitle = {Proc. ICSE},
  year      = {1999},
  pages     = {277-284}
}

@inproceedings{KhurshidPV03,
  author    = {Sarfraz Khurshid and
               Corina S. Pasareanu and
               Willem Visser},
  title     = {Generalized Symbolic Execution for Model Checking and Testing},
  booktitle = {Proc. TACAS},
  year      = {2003},
  pages     = {553-568}
}

@inproceedings{XieMN04,
  author    = {Tao Xie and
               Darko Marinov and
               David Notkin},
  title     = {Rostra: A Framework for Detecting Redundant Object-Oriented
               Unit Tests},
  booktitle = {Proc. ASE},
  year      = {2004},
  pages     = {196-205}
}

@inproceedings{InkumsahX08,
  author    = {Kobi Inkumsah and
               Tao Xie},
  title     = {Improving Structural Testing of Object-Oriented Programs
               via Integrating Evolutionary Testing and Symbolic Execution},
  booktitle = {Proc. ASE},
  year      = {2008},
  pages     = {297-306}
}

@inproceedings{Tonella04,
  author    = {Paolo Tonella},
  title     = {Evolutionary testing of classes},
  booktitle = {Proc. ISSTA},
  year      = {2004},
  pages     = {119-128}
}

@inproceedings{randoop,
  author    = {Carlos Pacheco and
               Shuvendu K. Lahiri and
               Michael D. Ernst and
               Thomas Ball},
  title     = {Feedback-Directed Random Test Generation},
  booktitle = {Proc. ICSE},
  year      = {2007},
  pages     = {75-84}
}

@inproceedings{exe,
 author = {Cadar, Cristian and Ganesh, Vijay and Pawlowski, Peter M. and Dill, David L. and Engler, Dawson R.},
 title = {{EXE}: Automatically Generating Inputs of Death},
 booktitle = {Proc. CCS},
 year = {2006},
 pages = {322--335}
}
 
 
 @inproceedings{substringhole,
 author = {Adler, Yoram and Farchi, Eitan and Klausner, Moshe and Pelleg, Dan and Raz, Orna and Shochat, Moran and Ur, Shmuel and Zlotnick, Aviad},
 title = {Advanced Code Coverage Analysis using Substring Holes},
 booktitle = {Proc. ISSTA},
 year = {2009},
 pages = {37--46}
  }
 
 @inproceedings{typedep,
  author    = {Saswat Anand and
               Alessandro Orso and
               Mary Jean Harrold},
  title     = {Type-Dependence Analysis and Program Transformation for
               Symbolic Execution},
  booktitle = {Proc. TACAS},
  year      = {2007},
  pages     = {117-133}
 }
 
 @inproceedings{pathProject,
 author = {Khoo, Yit Phang and Foster, Jeffrey S. and Hicks, Michael and Sazawal, Vibha},
 title = {Path projection for user-centered static analysis tools},
 booktitle = {Proc. PASTE },
 year = {2008},
 isbn = {978-1-60558-382-2},
 pages = {57--63}
 }
 
 @INPROCEEDINGS{checklist,
  AUTHOR = {Yit Phang Khoo and Jeffrey S. Foster and Michael Hicks and Vibha Sazawal},
  TITLE = {Triaging Checklists: a Substitute for a {PhD} in Static Analysis},
  BOOKTITLE = {Proc. PLATEAU},
  MONTH = OCT,
  YEAR = 2009
}

@inproceedings{failure,
 author = {von Dincklage, Daniel and Diwan, Amer},
 title = {Explaining failures of program analyses},
 booktitle = {Proc. PLDI},
 year = {2008},
 pages = {260--269}
 }
 
 @INPROCEEDINGS{fitness,
    author = {Tao Xie and Nikolai Tillmann and Peli de Halleux and Wolfram Schulte},
    title = {Fitness-Guided Path Exploration in Dynamic Symbolic Execution},
    booktitle = {Proc. DSN},
    pages = {359--368},
    year = {2009}
}

@article{jCrasher,
   author = {Christoph Csallner and Yannis Smaragdakis},
   title = {{JCrasher}: An automatic robustness tester for {Java}},
   journal = {Software---Practice \& Experience},
   pages = {1025--1050},
   year = {2004}
}


@inproceedings{compositional,
 author = {Godefroid, Patrice},
 title = {Compositional Dynamic Test Generation},
 booktitle = {Proc. POPL},
 year = {2007},
 pages = {47--54}
 }
 
 
 @inproceedings{demand,
 author = {Anand, Saswat and Godefroid, Patrice and Tillmann, Nikolai},
 title = {Demand-driven Compositional Symbolic Execution},
 booktitle = {Proc. TACAS},
 year = {2008},
 pages = {367--381}
 }
 
 @inproceedings{autoMock,
 author = {Saff, David and Artzi, Shay and Perkins, Jeff H. and Ernst, Michael D.},
 title = {Automatic Test Factoring for Java},
 booktitle = {Proc. ASE},
 year = {2005},
 pages = {114--123}
 }
 
 @INPROCEEDINGS{khurshid:symbolic,
    author = {Sarfraz Khurshid and Corina S. Pasareanu and Willem Visser},
    title = {Generalized symbolic execution for model checking and testing},
    booktitle = {Proc. TACAS},
    year = {2003},
    pages = {553--568},    
}


@Misc{junit,
	title  ={{JUnit}},
	author = {Erich Gamma and Kent Beck},
	url = {http://www.junit.org/},
	note = {http://www.junit.org/}
}

@Misc{nunit,
	title  ={{NUnit}},
	author = {James W. Newkirk and Alexei A. Vorontsov and Michael C. Two and Philip A. Craig},
	url = {http://www.nunit.org/},
	note = {http://www.nunit.org/}
}

@inproceedings{jolt,
 author = {Shankar, Ajeet and Arnold, Matthew and Bodik, Rastislav},
 title = {Jolt: lightweight dynamic analysis and removal of object churn},
 booktitle = {Proc. OOPSLA},
 year = {2008},
 pages = {127--142},
} 

@inproceedings{listview,
 author = {Song, Hongzhi and Qi, Yu and Tian, Xuhong and Xu, Dongfeng},
 title = {Navigating and Visualizing Long Lists with Fisheye View and Graphical Representation},
 booktitle = {Proc. DMAMH},
 year = {2007},
 pages = {123--128}
} 

@inproceedings{errormsg,
 author = {Marceau, Guillaume and Fisler, Kathi and Krishnamurthi, Shriram},
 title = {Measuring the effectiveness of error messages designed for novice programmers},
 booktitle = {Proc. SIGCSE},
 year = {2011},
 pages = {499--504},
 numpages = {6},
} 

