@inproceedings{fitness,
  author    = {Tao Xie and
               Nikolai Tillmann and
               Jonathan de Halleux and
               Wolfram Schulte},
  title     = {Fitness-guided path exploration in dynamic symbolic execution},
  booktitle = {Proc. DSN},
  year      = {2009},
  pages     = {359-368},
}

@article{featurelocationsurvey,
  author    = {Bogdan Dit and
               Meghan Revelle and
               Malcom Gethers and
               Denys Poshyvanyk},
  title     = {Feature location in source code: a taxonomy and survey},
  journal   = {Journal of Software: Evolution and Process},
  volume    = {25},
  number    = {1},
  year      = {2013},
  pages     = {53-95},
}

@inproceedings{Savage:2010:featurelocation,
 author = {Savage, Trevor and Revelle, Meghan and Poshyvanyk, Denys},
 title = {FLAT3: feature location and textual tracing tool},
 booktitle = {Proc. ICSE},
 year = {2010},
 pages = {255--258},
}

@INPROCEEDINGS{yang13:grey,
    author = {Wei Yang and Mukul Prasad and Tao Xie},
    title = {A Grey-box Approach for Automated GUI-Model Generation of Mobile Applications},
    booktitle = {Proc. FASE},
    year = {2013}, 
    location = {Rome, Italy},
}

@inproceedings{wordmodel,
 author = {Hill, Emily and Pollock, Lori and Vijay-Shanker, K.},
 title = {Automatically capturing source code context of NL-queries for software maintenance and reuse},
 booktitle = {Proc. ICSE},
 year = {2009},
 pages = {232--242},
} 


@inproceedings{gencomments,
  author    = {Giriprasad Sridhara and
               Emily Hill and
               Divya Muppaneni and
               Lori L. Pollock and
               K. Vijay-Shanker},
  title     = {Towards automatically generating summary comments for Java
               methods},
  booktitle = {Proc. ASE},
  year      = {2010},
  pages     = {43-52},
}

@inproceedings{AppIntent_CCS13,
 title = {AppIntent: Analyzing Sensitive Data Transmission in Android for Privacy Leakage Detection},
 author = {Zhemin Yang and Min Yang and Yuan Zhang and Guofei Gu and Peng Ning and X. Sean Wang}, 
 year = {2013},
 booktitle = {Proc. CCS}
}


@inproceedings{permissiongraph,
  author    = {Kevin Zhijie Chen and
               Noah M. Johnson and
               Vijay D'Silva and
               Shuaifu Dai and
               Kyle MacNamara and
               Tom Magrino and
               Edward XueJun Wu and
               Martin Rinard and
               Dawn Xiaodong Song},
  title     = {Contextual Policy Enforcement in Android Applications with
               Permission Event Graphs},
  booktitle = {Proc. NDSS},
  year      = {2013},
}



@article{sniafl,
 author = {Zhao, Wei and Zhang, Lu and Liu, Yin and Sun, Jiasu and Yang, Fuqing},
 title = {SNIAFL: Towards a static noninteractive approach to feature location},
 journal = {ACM Trans. Softw. Eng. Methodol.},
 volume = {15},
 number = {2},
 year = {2006},
 pages = {195--226},
} 

@inproceedings{touchdevelop,
 author = {Tillmann, Nikolai and Moskal, Michal and de Halleux, Jonathan and Fahndrich, Manuel},
 title = {TouchDevelop: programming cloud-connected mobile devices via touchscreen},
 booktitle = {Proc. of the 10th SIGPLAN symposium on New ideas, new paradigms, and reflections on programming and software (ONWARD 2011)},
 year = {2011},
 location = {Portland, Oregon},
 pages = {49--60},
} 

@TECHREPORT{susi,
  AUTHOR =        {Steven Arzt and Siegfried Rasthofer and Eric Bodden},
  TITLE =         {Su{S}i: A tool for the fully automated classification and categorization of android sources and sinks},
  NUMBER =        {TUD-CS-2013-0114},
  INSTITUTION =   {EC SPRIDE},
  YEAR  =         {2013},
}

@MastersThesis{flowdroid,
    author     =     {Christian Fritz},
    title     =     {FlowDroid: A Precise and Scalable Data Flow Analysis for Android},
    school     =     {TU Darmstadt},
    year     =     {2013},
    }

@inproceedings{Chin:2012:permissioncontext,
 author = {Chin, Erika and Felt, Adrienne Porter and Sekar, Vyas and Wagner, David},
 title = {Measuring user confidence in smartphone security and privacy},
 booktitle = {Proc. SOUPS},
 year = {2012},
 pages = {1:1--1:16},
 articleno = {1},
}

@inproceedings{Felt:2012:permissioncontext,
 author = {Felt, Adrienne Porter and Ha, Elizabeth and Egelman, Serge and Haney, Ariel and Chin, Erika and Wagner, David},
 title = {Android permissions: user attention, comprehension, and behavior},
 booktitle = {Proc. SOUPS},
 year = {2012},
 pages = {3:1--3:14},
 articleno = {3},
} 

@inproceedings{Xiao12:infoflow,
 author = {Xiao, Xusheng and Tillmann, Nikolai and Fahndrich, Manuel and De Halleux, Jonathan and Moskal, Michal},
 title = {User-aware privacy control via extended static-information-flow analysis},
 booktitle = {Proc. ASE},
 year = {2012},
 location = {Essen, Germany},
 pages = {80--89},
} 


@inproceedings{whyper,
 author = {Rahul Pandita and Xusheng Xiao and Wei Yang and William Enck and Tao Xie},
 title = {WHYPER: Towards Automating Risk Assessment of Mobile Applications},
 booktitle = {Proc. USENIX Security},
 month = {August},
 year = {2013},
 location = {Washington DC},
 pages = {527--542},
 articleno = {21},
} 

@inproceedings{siefers10:robusta,
 author = {Siefers, Joseph and Tan, Gang and Morrisett, Greg},
 title = {Robusta: taming the native beast of the JVM},
 booktitle = {Proceedings of the 17th ACM conference on Computer and communications security},
 series = {CCS '10},
 year = {2010},
 isbn = {978-1-4503-0245-6},
 location = {Chicago, Illinois, USA},
 pages = {201--211},
 numpages = {11},
 url = {http://doi.acm.org/10.1145/1866307.1866331},
 doi = {http://doi.acm.org/10.1145/1866307.1866331},
 acmid = {1866331},
 publisher = {ACM},
 address = {New York, NY, USA},
 keywords = {JNI, JVM, SFI, sandboxing},
}



@inproceedings{chen04:model,
  author    = {Hao Chen and
               Drew Dean and
               David Wagner},
  title     = {Model Checking One Million Lines of C Code},
  booktitle = {NDSS},
  year      = {2004},
  ee        = {http://www.isoc.org/isoc/conferences/ndss/04/proceedings/Papers/Chen.pdf},
  crossref  = {DBLP:conf/ndss/2004},
  bibsource = {DBLP, http://dblp.uni-trier.de}
}

@proceedings{DBLP:conf/ndss/2004,
  title     = {Proceedings of the Network and Distributed System Security
               Symposium, NDSS 2004, San Diego, California, USA},
  booktitle = {NDSS},
  publisher = {The Internet Society},
  year      = {2004},
  isbn      = {1-891562-18-5, 1-891562-17-7},
  bibsource = {DBLP, http://dblp.uni-trier.de}
}



@inproceedings{chen02:mops,
 author = {Chen, Hao and Wagner, David},
 title = {MOPS: an infrastructure for examining security properties of software},
 booktitle = {Proceedings of the 9th ACM conference on Computer and communications security},
 series = {CCS '02},
 year = {2002},
 isbn = {1-58113-612-9},
 location = {Washington, DC, USA},
 pages = {235--244},
 numpages = {10},
 url = {http://doi.acm.org/10.1145/586110.586142},
 doi = {http://doi.acm.org/10.1145/586110.586142},
 acmid = {586142},
 publisher = {ACM},
 address = {New York, NY, USA},
 keywords = {model checking, security, static analysis, verification},
}


@article{kuhn08:practical,
 author = {Rick Kuhn and Yu Lei and Raghu Kacker and Raghu Kacker},
 title = {Practical Combinatorial Testing: Beyond Pairwise},
 journal = {IT Professional},
 volume = {10},
 number = {3},
 year = {2008},
 pages = {19--23},
 }



@article{pei06:tkde,
title = {Discovering Frequent Closed Partial Orders from Strings},
author = {Jian Pei and Haixun Wang and Jian Liu and Ke Wang and Jianyong Wang and Philip Yu},
journal = {IEEE Transactions on Knowledge and Data Engineering},
volume = 18,
number = 11,
pages = {1467--1481},
year = {2006}
}

@inproceedings{raman97:skstrings,
  author    = {Anand V. Raman and Jon D. Patrick},
  title     = {The sk-strings method for inferring {PFSA}},
  booktitle = {Proc. Workshop on Automata Induction, Grammatical Inference and Language Acquisition},
  year      = {1997},
}

@article{hopcroft01:introduction,
 author = {John E. Hopcroft and Rajeev Motwani and Jeffrey D. Ullman},
 title = {Introduction to automata theory, languages, and computation, 2nd edition},
 journal = {SIGACT News},
 volume = {32},
 number = {1},
 year = {2001},
 issn = {0163-5700},
 pages = {60--65},
 }


@inproceedings{PexTAP,
  author    = {Nikolai Tillmann and
               Jonathan de Halleux},
  title     = {Pex-White Box Test Generation for {.NET}},
  booktitle = {Proc. TAP},
  year      = {2008},
  pages     = {134-153},
}


@inproceedings{tillmann06:mock,
 author = {Nikolai Tillmann and Wolfram Schulte},
 title = {Mock-object generation with behavior},
 booktitle = {Proc. 21st IEEE/ACM International Conference on Automated Software Engineering},
 year = {2006},
 pages = {365--368},
}


@MISC{mseqgen,
  authors = {Suresh Thummalapenta and Tao Xie and Nikolai Tillmann and Jonathan de Halleux and Wolfram Schulte},
  title = {MSeqGen: Object-Oriented Unit-Test Generation via Static Code Mining},
  note = {\url{http://ase.csc.ncsu.edu/projects/mseqgen/}},
}

@MISC{regtestgen,
  authors = {Kunal Taneja
 and Tao Xie and Nikolai Tillmann and Jonathan de Halleux and Wolfram Schulte},
  title = {Guided Path Exploration for Regression Test Generation},
  note = {\url{http://ase.csc.ncsu.edu/projects/regtestgen/}},
}


@MISC{codeplex,
  title = {Microsoft {CodePlex} open source project hosting web site},
  note = {\url{http://www.codeplex.com/}},
}



@MISC{sourceforge,
  title = {Sourceforge open source project hosting web site},
  note = {\url{http://sourceforge.net/}},
}

@MISC{openseminar,
  title = {Open Seminar for Software Engineering},
  note = {\url{http://www.openseminar.org/se/}},
}

@MISC{pexex,
  title = {Pex Extensions},
  note = {\url{http://www.codeplex.com/Pex}},
}

@MISC{pexteach,
  title = {Wiki site for Teaching Parameterized Unit Testing/{Pex}},
  note = {\url{http://sites.google.com/site/teachpex/Home}},
}


@BOOK{Howard:SecureCode,
    AUTHOR = "Michael Howard and David LeBlanc",
    TITLE = "Writing Secure Code",
    PUBLISHER = "Microsoft Press",
    ADDRESS = "Redmond, Wash.",
    YEAR = "2003"   }


@BOOK{Tipton:handbook,
    AUTHOR = "Harold F Tipton and Micki Krause",
    TITLE = "Information Security Management Handbook, Sixth Edition",
    PUBLISHER = "Auerbach Publications",
    ADDRESS = "New York",
    YEAR = "2006"   }


@Manual{symantec,
  organization = {Symantec Corporation},
  title =    {Symantec Internet Security Threat Report, Trends for JanuaryCJune 07, Volume XII},
  note =     {\url{http://eval.symantec.com/mktginfo/enterprise/white_papers/ent-whitepaper_internet_security_threat_report_xii_09_2007.en-us.pdf}},
}


@MISC{ncsu08:cacc,
  title = {{North Carolina State University Center for Advanced Computing and Communcation (CACC): an NSF Industry/University Cooperative Research Center}},
  year = {Accessed on March 2008},
  note = {\url{http://www.cacc.ncsu.edu/}},
}

@misc{GCSE,
  key = {GCSE},
  title = "Google {C}ode {S}earch {E}ngine",
  note = {\url{http://www.google.com/codesearch}},
  keywords = {code search engine},
  year = {2006},
}

@MISC{williams06:itrust,
  author = {Laurie Williams and Andy Meneely and Ben Smith and Sarah Smith},
  title = {iTrust: Role-Based Healthcare},
  month = {Sept},
  year = {2006},
  note = {\url{http://agile.csc.ncsu.edu/iTrust/}},
  source = {http://agile.csc.ncsu.edu/iTrust/},
}



@ARTICLE{abramson96:relative,
  author = {David Abramson and Ian Foster and John Michalakes and Rok Socic},
  title = {Relative debugging: a new methodology for debugging scientific applications},
  journal = {Communications of the ACM},
  year = {1996},
  volume = {39},
  pages = {69--77},
  number = {11},
  doi = {http://doi.acm.org/10.1145/240455.240475},
  issn = {0001-0782},
  publisher = {ACM Press},
}

@ARTICLE{agrawal93:debugging,
  author = {Hiralal Agrawal and Richard A. DeMillo and Eugene H. Spafford},
  title = {Debugging with Dynamic Slicing and Backtracking},
  journal = {Software - Practice and Experience},
  year = {1993},
  volume = {23},
  pages = {589-616},
  number = {6},
}

@INPROCEEDINGS{agrawal95:fault,
  author = {Hiralal Agrawal and Joseph R. Horgan and Saul London and W. Eric Wong},
  title = {Fault localization using execution slices and data ow tests},
  booktitle = {Proc. IEEE Software Reliability Engineering},
  year = {1995},
  pages = {143--151},
  publisher = {IEEE Computer Society Press},
}

@TECHREPORT{alexander04:towards,
  author = {Roger T. Alexander and James M. Bieman and Anneliese A. Andrews},
  title = {Towards the Systematic Testing of Aspect-Oriented Programs},
  institution = {Department of Computer Science, Colorado State University},
  year = {2004},
  type = {Technical Report},
  number = {CS-4-105},
  address = {Fort Collins, Colorado},
}

@INPROCEEDINGS{ammons02:mining,
  author = {Glenn Ammons and Rastislav Bodik and James R. Larus},
  title = {Mining specifications},
  booktitle = {Proc. 29th ACM SIGPLAN-SIGACT Symposium on Principles of Programming Languages},
  year = {2002},
  pages = {4--16},
  doi = {http://doi.acm.org/10.1145/503272.503275},
  isbn = {1-58113-450-9},
  location = {Portland, Oregon},
}

@INPROCEEDINGS{ammons03:debugging,
  author = {Glenn Ammons and David Mandelin and Rastislav Bodik and James R. Larus},
  title = {Debugging temporal specifications with concept analysis},
  booktitle = {Proc. ACM SIGPLAN Conference on Programming Language Design and Implementation},
  year = {2003},
  pages = {182--195},
  doi = {http://doi.acm.org/10.1145/781131.781152},
  isbn = {1-58113-662-5},
  location = {San Diego, California, USA},
}

@INPROCEEDINGS{andrews79:using,
  author = {Dorothy M. Andrews},
  title = {Using Executable Assertions for Testing and Fault Tolerance},
  booktitle = {Proc. the 9th International Symposium on Fault-Tolerant Computing},
  year = {1979},
  pages = {102--105},
}

@INPROCEEDINGS{andrews04:zing,
  author = {Tony Andrews and Shaz Qadeer and Sriram K. Rajamani and Jakob Rehof and Yichen Xie},
  title = {Zing: A Model Checker for Concurrent Software},
  booktitle = {Proc. 6th International Conference on Computer Aided Verification},
  year = {2004},
  pages = {484--487},
}

@BOOK{arnold00:java,
  title = {The Java Programming Language},
  publisher = {Addison-Wesley Longman Publishing Co., Inc.},
  year = {2000},
  author = {Ken Arnold and James Gosling and David Holmes},
  isbn = {0201704331},
}

@BOOK{arnold96:software,
  title = {Software Change Impact Analysis},
  publisher = {IEEE Computer Society Press},
  year = {1996},
  author = {Robert S. Arnold},
  isbn = {0818673842},
}

@TECHREPORT{ball04:theory,
  author = {Thomas Ball},
  title = {A Theory of Predicate-Complete Test Coverage and Generation},
  institution = {Microsoft Research},
  year = {2004},
  type = {Technical Report},
  number = {MSR-TR-2004-28},
  address = {Redmond, WA},
  month = {April},
}

@TECHREPORT{ball03:abstraction,
  author = {Thomas Ball},
  title = {Abstraction-guided Test Generation: A Case Study},
  institution = {Microsoft Research},
  year = {2003},
  type = {Technical Report},
  number = {MSR-TR-2003-86},
  address = {Seattle, WA},
  month = {November},
}

@ARTICLE{ball00:state,
  author = {Thomas Ball and Daniel Hoffman and Frank Ruskey and Richard Webber and Lee J. White},
  title = {State Generation and Automated Class Testing},
  journal = {Software Testing, Verification and Reliability},
  year = {2000},
  volume = {10},
  pages = {149--170},
  number = {3},
}

@INPROCEEDINGS{ball96:efficient,
  author = {Thomas Ball and James R. Larus},
  title = {Efficient path profiling},
  booktitle = {Proc. 29th ACM/IEEE International Symposium on Microarchitecture},
  year = {1996},
  pages = {46--57},
  isbn = {0-8186-7641-8},
  location = {Paris, France},
}

@INPROCEEDINGS{ball01:automatic,
  author = {Thomas Ball and Rupak Majumdar and Todd Millstein and Sriram K. Rajamani},
  title = {Automatic predicate abstraction of {C} programs},
  booktitle = {Proc. ACM SIGPLAN
     2001 Conference on Programming Language Design and Implementation},
  year = {2001},
  pages = {203--213},
  doi = {http://doi.acm.org/10.1145/378795.378846},
  isbn = {1-58113-414-2},
  location = {Snowbird, Utah, United States},
}

@INPROCEEDINGS{ball01:automatically,
  author = {Thomas Ball and Sriram K. Rajamani},
  title = {Automatically validating temporal safety properties of interfaces},
  booktitle = {Proc. 8th International SPIN Workshop on Model Checking of Software},
  year = {2001},
  pages = {103--122},
  location = {Toronto, Ontario, Canada},
}

@ARTICLE{BallLarus2000,
  author = {Tom Ball and James R. Larus},
  title = {Using Paths to Measure, Explain, and Enhance Program Behavior},
  journal = {IEEE Computer},
  year = {2000},
  volume = {33},
  pages = {57--65},
  number = {7},
}

@TECHREPORT{baresi01:test,
  author = {Luciano Baresi and Michal Young},
  title = {Test Oracles},
  institution = {University of Oregon, Dept. of Computer and Information Science},
  year = {2001},
  type = {Technical Report},
  number = {CIS-TR-01-02},
  address = {Eugene, Oregon, U.S.A.},
  month = {August},
}

@INPROCEEDINGS{barnett04:pure,
  author = {Mike Barnett and David A. Naumann and Wolfram Schulte and Qi Sun},
  title = {99.44\% pure: Useful Abstractions in Specifications},
  booktitle = {Proc. 6th Workshop on Formal Techniques for Java-like Programs},
  year = {2004},
  month = {June},
}

@INPROCEEDINGS{barrett04:cvclite,
  author = {Clark W. Barrett and Sergey Berezin},
  title = {{CVC} {L}ite: A New Implementation of the Cooperating Validity Checker},
  booktitle = {Proc. 16th International Conference on Computer Aided Verification},
  year = {2004},
  pages = {515--518},
  month = {July},
  location = {Boston, MA},
}

@BOOK{beck03:test,
  title = {Test Driven Development: By Example},
  publisher = {Addison-Wesley},
  year = {2003},
  author = {Kent Beck},
  isbn = {0-321-14653-0},
  keywords = {olit scglib oorp},
}

@BOOK{beck00:extreme,
  title = {Extreme programming explained},
  publisher = {Addison-Wesley},
  year = {2000},
  author = {Kent Beck},
}

@ARTICLE{beck98:test,
  author = {Kent Beck and Erich Gamma},
  title = {Test Infected: Programmers Love Writing Tests},
  journal = {Java Report},
  year = {1998},
  volume = {3},
  pages = {37--50},
  number = {7},
  url = {http://junit.sourceforge.net/doc/testinfected/testing.htm},
}

@BOOK{beizer90:testing,
  title = {Software Testing Techniques},
  publisher = {International Thomson Computer Press},
  year = {1990},
  author = {Boris Beizer},
}

@ARTICLE{bergmans01:composing,
  author = {Lodewijk Bergmans and Mehmet Aksits},
  title = {Composing crosscutting concerns using composition filters},
  journal = {Commun. ACM},
  year = {2001},
  volume = {44},
  pages = {51--57},
  number = {10},
}

@ARTICLE{bernot91:software,
  author = {Gilles Bernot and Marie Claude Gaudel and Bruno Marre},
  title = {Software testing based on formal specifications: a theory and a tool},
  journal = {Softw. Eng. J.},
  year = {1991},
  volume = {6},
  pages = {387--405},
  number = {6},
  issn = {0268-6961},
  publisher = {Michael Faraday House},
}

@INPROCEEDINGS{beyer04:generating,
  author = {Dirk Beyer and Adam J. Chlipala and Rupak Majumdar},
  title = {Generating Tests from Counterexamples},
  booktitle = {Proc. 26th International Conference on Software Engineering},
  year = {2004},
  pages = {326--335},
}

@ARTICLE{boehm96:identifying,
  author = {Barry Boehm and Hoh In},
  title = {Identifying Quality-Requirement Conflicts},
  journal = {IEEE Software},
  year = {1996},
  volume = {13},
  pages = {25--35},
  number = {2},
  doi = {http://dx.doi.org/10.1109/52.506460},
  issn = {0740-7459},
  publisher = {IEEE Computer Society Press},
}

@INPROCEEDINGS{boyapati02:korat,
  author = {Chandrasekhar Boyapati and Sarfraz Khurshid and Darko Marinov},
  title = {Korat: automated testing based on {Java} predicates},
  booktitle = {Proc. International Symposium on Software Testing and Analysis},
  year = {2002},
  pages = {123--133},
  doi = {http://doi.acm.org/10.1145/566172.566191},
  isbn = {1-58113-562-9},
  location = {Roma, Italy},
}

@ARTICLE{bush00:static,
  author = {William R. Bush and Jonathan D. Pincus and David J. Sielaff},
  title = {A static analyzer for finding dynamic programming errors},
  journal = {Softw. Pract. Exper.},
  year = {2000},
  volume = {30},
  pages = {775--802},
  number = {7},
}

@INPROCEEDINGS{buy00:automated,
  author = {Ugo Buy and Alessandro Orso and Mauro Pezze},
  title = {Automated Testing of Classes},
  booktitle = {Proc. International Symposium on Software Testing and Analysis},
  year = {2000},
  pages = {39--48},
  publisher = {ACM Press},
  doi = {http://doi.acm.org/10.1145/347324.348870},
  isbn = {1-58113-266-2},
  location = {Portland, Oregon, United States},
}

@INPROCEEDINGS{chang99:structural,
  author = {Juei Chang and Debra J. Richardson},
  title = {Structural specification-based testing: automated support and experimental evaluation},
  booktitle = {Proc. 7th ESEC/FSE},
  year = {1999},
  pages = {285--302},
  doi = {http://doi.acm.org/10.1145/318773.318948},
  isbn = {3-540-66538-2},
  location = {Toulouse, France},
}

@ARTICLE{chapman82:program,
  author = {David Chapman},
  title = {A program testing assistant},
  journal = {Commun. ACM},
  year = {1982},
  volume = {25},
  pages = {625--634},
  number = {9},
}

@ARTICLE{chen98:black,
  author = {Huo Yan Chen and T. H. Tse and F. T. Chan and T. Y. Chen},
  title = {In black and white: an
     integrated approach to class-level testing of object-oriented programs},
  journal = {ACM Trans. Softw. Eng. Methodol.},
  year = {1998},
  volume = {7},
  pages = {250--295},
  number = {3},
  doi = {http://doi.acm.org/10.1145/287000.287004},
  issn = {1049-331X},
  publisher = {ACM Press},
}

@ARTICLE{chen01:taccle,
  author = {Huo Yan Chen and T. H. Tse and T. Y. Chen},
  title = {TACCLE: a methodology for
     object-oriented software testing at the class and cluster levels},
  journal = {ACM Trans. Softw. Eng. Methodol.},
  year = {2001},
  volume = {10},
  pages = {56--109},
  number = {1},
  doi = {http://doi.acm.org/10.1145/366378.366380},
  issn = {1049-331X},
  publisher = {ACM Press},
}

@ARTICLE{chen03:fault,
  author = {Tsong Yueh Chen and T. H. Tse and Z. Quan Zhou},
  title = {Fault-based testing without the need of oracles.},
  journal = {Information {\&} Software Technology},
  year = {2003},
  volume = {45},
  pages = {1-9},
  number = {1},
}

@INPROCEEDINGS{cheon02:simple,
  author = {Yoonsik Cheon and Gary T. Leavens},
  title = {A Simple and Practical Approach to Unit Testing: The {JML} and {JUnit} Way},
  booktitle = {Proc. 16th European Conference Object-Oriented Programming},
  year = {2002},
  pages = {231--255},
  month = Jun,
  key = {Cheon \& Leavens},
}

@inproceedings{claessen00:quickcheck,
 author = {Koen Claessen and John Hughes},
 title = {{QuickCheck}: a lightweight tool for random testing of {H}askell programs},
 booktitle = {Proc. 5th ACM SIGPLAN International Conference on Functional Programming},
 year = {2000},
 location = {Montreal, Canada},
 pages = {268--279},
}

@UNPUBLISHED{clark00:junit,
  author = {Mike Clark},
  title = {JUnit Primer},
  note = {Draft manuscript},
  month = {October},
  year = {2000},
  url = {http://www.clarkware.com/articles/JUnitPrimer.html},
}

@INPROCEEDINGS{clark99:type,
  author = {Tony Clark},
  title = {Type Checking {UML} Static Diagrams},
  booktitle = {UML'99 - The Unified Modeling Language. Beyond the Standard. Second International
     Conference, Fort Collins, CO, USA, October 28-30. 1999, Proceedings},
  year = {1999},
  editor = {Robert France and Bernhard Rumpe},
  volume = {1723},
  series = {LNCS},
  pages = {503--517},
  publisher = {Springer},
}

@BOOK{clarke99:model,
  title = {Model Checking},
  publisher = {The MIT Press, Cambridge, MA},
  year = {1999},
  author = {Edmund M. Clarke and Orna Grumberg and Doron A. Peled},
  isbn = {262032708},
}

@ARTICLE{clarke76:system,
  author = {Lori A. Clarke},
  title = {A system to generate test data and symbolically execute programs},
  journal = {IEEE Trans. Softw. Eng.},
  year = {1976},
  volume = {2},
  pages = {215-222},
  number = {3},
}

@INPROCEEDINGS{cook99:highly,
  author = {Jonathan E. Cook and Jeffrey A. Dage},
  title = {Highly reliable upgrading of components},
  booktitle = {Proc. the 21st international conference on Software engineering},
  year = {1999},
  pages = {203--212},
  publisher = {IEEE Computer Society Press},
  isbn = {1-58113-074-0},
  location = {Los Angeles, California, United States},
}

@ARTICLE{cook98:discovering,
  author = {Jonathan E. Cook and Alexander L. Wolf},
  title = {Discovering models of software processes from event-based data},
  journal = {ACM Trans. Softw. Eng. Methodol.},
  year = {1998},
  volume = {7},
  pages = {215--249},
  number = {3},
  doi = {http://doi.acm.org/10.1145/287000.287001},
  issn = {1049-331X},
  publisher = {ACM Press},
}

@INPROCEEDINGS{corbett00:bandera,
  author = {James C. Corbett and Matthew B. Dwyer and John Hatcliff and
     Shawn Laubach and Corina S. Pasareanu and Robby and Hongjun Zheng},
  title = {Bandera: extracting finite-state models from Java source code},
  booktitle = {Proc. 22nd International Conference on Software Engineering},
  year = {2000},
  pages = {439--448},
  doi = {http://doi.acm.org/10.1145/337180.337234},
  isbn = {1-58113-206-9},
  location = {Limerick, Ireland},
}

@BOOK{cormen90:algorithms,
  title = {Introduction to Algorithms},
  publisher = {The MIT Press},
  year = {1990},
  author = {T. H. Cormen and C. E. Leiserson and R. L. Rivest},
  address = {Cambridge, MA},
}

@ARTICLE{csallner04:jcrasher,
  author = {Christoph Csallner and Yannis Smaragdakis},
  title = {J{C}rasher: an automatic robustness tester for {J}ava},
  journal = {Software: Practice and Experience},
  year = {2004},
  volume = {34},
  pages = {1025--1050},
  issue = {11},
}

@ARTICLE{cusumano97:how,
  author = {Michael A. Cusumano and Richard W. Selby},
  title = {How {M}icrosoft builds software},
  journal = {Commun. ACM},
  year = {1997},
  volume = {40},
  pages = {53--61},
  number = {6},
  doi = {http://doi.acm.org/10.1145/255656.255698},
  issn = {0001-0782},
  publisher = {ACM Press},
}

@MISC{dahm03:byte,
  author = {Markus Dahm and Jason van Zyl},
  title = {Byte {C}ode {E}ngineering {L}ibrary},
  month = {April},
  year = {2003},
  note = {\url{http://jakarta.apache.org/bcel/}},
  source = {http://jakarta.apache.org/bcel/},
}

@INPROCEEDINGS{deBaud99:systematic,
  author = {Jean-Marc DeBaud and Klaus Schmid},
  title = {A systematic approach to derive the scope of software product lines},
  booktitle = {Proc. the 21st international conference on Software engineering},
  year = {1999},
  pages = {34--43},
  publisher = {IEEE Computer Society Press},
  isbn = {1-58113-074-0},
  location = {Los Angeles, California, United States},
}

@INPROCEEDINGS{dekel03:revealing,
  author = {Uri Dekel and Yossi Gil},
  title = {Revealing Class Structure with Concept Lattices},
  booktitle = {Proc. 10th IEEE Working Conference on Reverse Engineering},
  year = {2003},
  pages = {353--365},
}

@ARTICLE{deMartini99:deadlock,
  author = {Claudio DeMartini and Radu Iosif and Riccardo Sisto},
  title = {A deadlock detection tool for concurrent {Java} programs},
  journal = {Softw. Pract. Exper.},
  year = {1999},
  volume = {29},
  pages = {577--603},
  number = {7},
}

@ARTICLE{deMillo91:constraint,
  author = {Richard A. DeMillo and A. Jefferson Offutt},
  title = {Constraint-Based Automatic Test Data Generation},
  journal = {IEEE Trans. Softw. Eng.},
  year = {1991},
  volume = {17},
  pages = {900--910},
  number = {9},
}

@INPROCEEDINGS{dick93:automating,
  author = {Jeremy Dick and Alain Faivre},
  title = {Automating the Generation and Sequencing of Test Cases from Model-Based Specifications},
  booktitle = {Proc. 1st International
     Symposium of Formal Methods Europe on Industrial-Strength Formal Methods},
  year = {1993},
  pages = {268--284},
  address = {London, UK},
}

@INPROCEEDINGS{dickinson01:finding,
  author = {William Dickinson and David Leon and Andy Podgurski},
  title = {Finding failures by cluster analysis of execution profiles},
  booktitle = {Proc. 23rd International Conference on Software Engineering},
  year = {2001},
  pages = {339--348},
  isbn = {0-7695-1050-7},
  location = {Toronto, Ontario, Canada},
}

@INPROCEEDINGS{dickinson01:pursuing,
  author = {William Dickinson and David Leon and Andy Podgurski},
  title = {Pursuing failure: the distribution of program failures in a profile space},
  booktitle = {Proc. 8th ESEC/FSE},
  year = {2001},
  pages = {246--255},
  doi = {http://doi.acm.org/10.1145/503209.503243},
  isbn = {1-58113-390-1},
  location = {Vienna, Austria},
}

@INPROCEEDINGS{henkel03:discovering,
  author = {Johannes Henkel And Amer Diwan},
  title = {Discovering Algebraic Specifications from {Java} Classes},
  booktitle = {Proc. 17th European Conference on Object-Oriented Programming},
  year = {2003},
  pages = {431--456},
}

@UNPUBLISHED{Dodoo02:selecting,
  author = {Nii Dodoo and Alan Donovan and Lee Lin and Michael D. Ernst},
  title = {Selecting predicates for implications in program analysis},
  note = {Draft},
  month = {March},
  year = {2002},
  url = {http://pag.lcs.mit.edu/~mernst/pubs/invariants-implications.ps},
}

@ARTICLE{doong94:astoot,
  author = {Roong-Ko Doong and Phyllis G. Frankl},
  title = {The {ASTOOT} approach to testing object-oriented programs},
  journal = {ACM Trans. Softw. Eng. Methodol.},
  year = {1994},
  volume = {3},
  pages = {101--130},
  number = {2},
  doi = {http://doi.acm.org/10.1145/192218.192221},
  issn = {1049-331X},
  publisher = {ACM Press},
}

@INPROCEEDINGS{dwyer99:patterns,
  author = {Matthew B. Dwyer and George S. Avrunin and James C. Corbett},
  title = {Patterns in property specifications for finite-state verification},
  booktitle = {Proc. 21st International Conference on Software Engineering},
  year = {1999},
  pages = {411--420},
  isbn = {1-58113-074-0},
  location = {Los Angeles, California, United States},
}

@INPROCEEDINGS{dwyer01:tool,
  author = {Matthew B. Dwyer and John Hatcliff and Roby Joehanes and Shawn
     Laubach and Corina S. Pasareanu and Hongjun Zheng and Willem Visser},
  title = {Tool-supported program abstraction for finite-state verification},
  booktitle = {Proc. the 23rd International Conference on Software Engineering},
  year = {2001},
  pages = {177--187},
  isbn = {0-7695-1050-7},
  location = {Toronto, Ontario, Canada},
}

@ARTICLE{edwards00:black,
  author = {Stephen H. Edwards},
  title = {Black-box testing using flowgraphs: an
     experimental assessment of effectiveness and automation potential},
  journal = {Software Testing, Verification and Reliability},
  year = {2000},
  volume = {10},
  pages = {249-262},
  number = {4},
}

@INPROCEEDINGS{elbaum01:incorporating,
  author = {Sebastian Elbaum and Alexey Malishevsky and Gregg Rothermel},
  title = {Incorporating varying test costs and fault severities into test case prioritization},
  booktitle = {Proc. the 23rd international conference on Software engineering},
  year = {2001},
  pages = {329--338},
  publisher = {IEEE Computer Society},
  isbn = {0-7695-1050-7},
  location = {Toronto, Ontario, Canada},
}

@ARTICLE{elbaum02:test,
  author = {Sebastian Elbaum and Alexey G. Malishevsky and Gregg Rothermel},
  title = {Test Case Prioritization: A Family of Empirical Studies},
  journal = {IEEE Trans. Softw. Eng.},
  year = {2002},
  volume = {28},
  pages = {159--182},
  number = {2},
  doi = {http://dx.doi.org/10.1109/32.988497},
  issn = {0098-5589},
  publisher = {IEEE Press},
}

@INPROCEEDINGS{engler01:bugs,
  author = {Dawson Engler and David Yu Chen and Seth Hallem and Andy Chou and Benjamin Chelf},
  title = {Bugs as deviant behavior: a general approach to inferring errors in systems code},
  booktitle = {Proc. 18th ACM symposium on Operating Systems Principles},
  year = {2001},
  pages = {57--72},
  doi = {http://doi.acm.org/10.1145/502034.502041},
  isbn = {1-58113-389-8},
  location = {Banff, Alberta, Canada},
}

@PHDTHESIS{ernst00:dynamically,
  author = {Michael D. Ernst},
  title = {Dynamically Discovering Likely Program Invariants},
  school = {University of Washington Department of Computer Science and Engineering},
  year = {2000},
  type = {{Ph.D.}},
  address = {Seattle, Washington},
  month = {August},
}

@ARTICLE{ernst01:dynamically,
  author = {Michael D. Ernst and Jake Cockrell and William G. Griswold and David Notkin},
  title = {Dynamically Discovering Likely Program Invariants to Support Program Evolution},
  journal = {IEEE Trans. Softw. Eng.},
  year = {2001},
  volume = {27},
  pages = {99--123},
  number = {2},
  doi = {http://dx.doi.org/10.1109/32.908957},
  issn = {0098-5589},
  publisher = {IEEE Press},
}

@INPROCEEDINGS{flanagan02:extended,
  author = {Cormac Flanagan and K. Rustan M. Leino and
     Mark Lillibridge and Greg Nelson and James B. Saxe and Raymie Stata},
  title = {Extended static checking for Java},
  booktitle = {Proc. the ACM SIGPLAN
     2002 Conference on Programming language design and implementation},
  year = {2002},
  pages = {234--245},
  publisher = {ACM Press},
  doi = {http://doi.acm.org/10.1145/512529.512558},
  isbn = {1-58113-463-0},
  location = {Berlin, Germany},
}

@BOOK{fowler99:refactoring,
  title = {Refactoring: Improving the Design of Existing Code},
  publisher = {Addison Wesley},
  year = {1999},
  author = {Martin Fowler},
}

@ARTICLE{frankl93:experimental,
  author = {Phyllis G. Frankl and Stewart N. Weiss},
  title = {An Experimental Comparison of the Effectiveness of Branch Testing and Data Flow Testing},
  journal = {IEEE Transactions on Software Engineering},
  year = {1993},
  volume = {19},
  pages = {774--787},
  number = {8},
  month = {August},
}

@ARTICLE{fredkin60:trie,
  author = {Edward Fredkin},
  title = {Trie memory},
  journal = {Commun. ACM},
  year = {1960},
  volume = {3},
  pages = {490--499},
  number = {9},
  doi = {http://doi.acm.org/10.1145/367390.367400},
  issn = {0001-0782},
  publisher = {ACM Press},
}

@UNPUBLISHED{gallagher02:integration,
  author = {Len Gallagher and Jeff Offutt},
  title = {Integration Testing of Object-oriented Components Using Finite State Machines},
  note = {Draft under review},
  month = {March},
  year = {2002},
  url = {http://www.isse.gmu.edu/faculty/ofut/rsrch/abstracts/oocomptest.html},
}

@MISC{junit03,
  author = {Erich Gamma and Kent Beck},
  title = {{JU}nit},
  year = {2003},
  note = {\url{http://www.junit.org}},
  keywords = {testing},
}

@ARTICLE{gannon81:data,
  author = {John Gannon and Paul McMullin and Richard Hamlet},
  title = {Data Abstraction, Implementation, Specification, and Testing},
  journal = {ACM Trans. Program. Lang. Syst.},
  year = {1981},
  volume = {3},
  pages = {211--223},
  number = {3},
  doi = {http://doi.acm.org/10.1145/357139.357140},
  issn = {0164-0925},
  publisher = {ACM Press},
}

@ARTICLE{gansner00:open,
  author = {Emden R. Gansner and Stephen C. North},
  title = {An open graph visualization system and its applications to software engineering},
  journal = {Software: Practice and Experience},
  year = {2000},
  volume = {30},
  pages = {1203--1233},
  number = {11},
  month = {Sept.},
}

@INPROCEEDINGS{godefroid97:model,
  author = {Patrice Godefroid},
  title = {Model checking for programming languages using {V}eriSoft},
  booktitle = {Proc. 24th ACM SIGPLAN-SIGACT Symposium on Principles of Programming Languages},
  year = {1997},
  pages = {174--186},
}

@MISC{godfrey03:axioms,
  author = {Michael Godfrey and Jo Anne Atlee and Daniel Berry},
  title = {Algebraic Abstract Data Types class note},
  howpublished = {Online course materials},
  year = {2003},
  note = {\url{http://www.student.cs.uwaterloo.ca/~cs445/handouts/lectureSlides/W03/}},
}

@ARTICLE{goodenough75:toward,
  author = {John B. Goodenough and Susan L. Gerhart},
  title = {Toward a Theory of Test Data Selection},
  journal = {IEEE Trans. Software Eng.},
  year = {1975},
  volume = {1},
  pages = {156-173},
  number = {2},
}

@INPROCEEDINGS{gotlieb03:exploiting,
  author = {Arnaud Gotlieb},
  title = {Exploiting Symmetries to Test Programs},
  booktitle = {Proc. 14th IEEE International Symposium on Software Reliability Engineering},
  year = {2003},
  address = {Denver, Colorado},
  month = {November},
}

@INPROCEEDINGS{gotlieb98:automatic,
  author = {Arnaud Gotlieb and Bernard Botella and Michel Rueher},
  title = {Automatic test data generation using constraint solving techniques},
  booktitle = {Proc. 1998 ACM SIGSOFT International Symposium on Software Testing and Analysis},
  year = {1998},
  pages = {53--62},
  location = {Clearwater Beach, Florida},
}

@INPROCEEDINGS{graf97:construction,
  author = {Susanne Graf and Hassen Saidi},
  title = {Construction of Abstract State Graphs with {PVS}},
  booktitle = {Proc. 9th International Conference on Computer Aided Verification},
  year = {1997},
  pages = {72--83},
}

@ARTICLE{graves01:empirical,
  author = {Todd L. Graves and Mary
     Jean Harrold and Jung-Min Kim and Adam Porter and Gregg Rothermel},
  title = {An empirical study of regression test selection techniques},
  journal = {ACM Trans. Softw. Eng. Methodol.},
  year = {2001},
  volume = {10},
  pages = {184--208},
  number = {2},
}

@ARTICLE{graves00:predicting,
  author = {Todd L. Graves and Alan F. Karr and J. S. Marron and Harvey Siy},
  title = {Predicting Fault Incidence Using Software Change History},
  journal = {IEEE Trans. Softw. Eng.},
  year = {2000},
  volume = {26},
  pages = {653--661},
  number = {7},
  doi = {http://dx.doi.org/10.1109/32.859533},
  issn = {0098-5589},
  publisher = {IEEE Press},
}

@INPROCEEDINGS{grieskamp02:generating,
  author = {Wolfgang Grieskamp and Yuri Gurevich and Wolfram Schulte and Margus Veanes},
  title = {Generating finite state machines from abstract state machines},
  booktitle = {Proc. International Symposium on Software Testing and Analysis},
  year = {2002},
  pages = {112--122},
  doi = {http://doi.acm.org/10.1145/566172.566190},
  isbn = {1-58113-562-9},
  location = {Roma, Italy},
}

@ARTICLE{griswold93:autoamted,
  author = {William G. Griswold and David Notkin},
  title = {Automated assistance for program restructuring},
  journal = {ACM Trans. Softw. Eng. Methodol.},
  year = {1993},
  volume = {2},
  pages = {228--269},
  number = {3},
  doi = {http://doi.acm.org/10.1145/152388.152389},
  issn = {1049-331X},
  publisher = {ACM Press},
}

@INPROCEEDINGS{gupta03:generating,
  author = {Neelam Gupta},
  title = {Generating Test Data for Dynamically Discovering Likely Program Invariants},
  booktitle = {Proc. ICSE 2003 Workshop on Dynamic Analysis},
  year = {2003},
  pages = {21--24},
  month = {May},
  location = {Portland, Oregon},
}

@INPROCEEDINGS{gupta03:new,
  author = {Neelam Gupta and Zachary V. Heidepriem},
  title = {A New Structural Coverage Criteria for Dynamic Detection of Program Invariants},
  booktitle = {Proc. 18th IEEE International Conference on Automated Software Engineering},
  year = {2003},
  pages = {49--58},
  publisher = {IEEE Computer Society},
  location = {Montreal, Canada},
}

@INPROCEEDINGS{gupta98:automated,
  author = {Neelam Gupta and Aditya P. Mathur and Mary Lou Soffa},
  title = {Automated test data generation using an iterative relaxation method},
  booktitle = {Proc. 6th ACM SIGSOFT International Symposium on Foundations of Software Engineering},
  year = {1998},
  pages = {231--244},
  doi = {http://doi.acm.org/10.1145/288195.288321},
  isbn = {1-58113-108-9},
  location = {Lake Buena Vista, Florida, United States},
}

@ARTICLE{guttag78:algebraic,
  author = {John V. Guttag and James J. Horning},
  title = {The Algebraic Specification of Abstract Data Types},
  journal = {Acta Informatica},
  year = {1978},
  volume = {10},
  pages = {27--52},
}

@ARTICLE{hamlet77:testing,
  author = {Richard G. Hamlet},
  title = {Testing Programs with the Aid of a Compiler},
  journal = {IEEE Trans. Softw. Eng.},
  year = {1977},
  volume = {3},
  pages = {279-290},
  number = {4},
}

@INPROCEEDINGS{hangal02:tracking,
  author = {Sudheendra Hangal and Monica S. Lam},
  title = {Tracking down software bugs using automatic anomaly detection},
  booktitle = {Proc. 24th International Conference on Software Engineering},
  year = {2002},
  pages = {291--301},
  doi = {http://doi.acm.org/10.1145/581339.581377},
  isbn = {1-58113-472-X},
  location = {Orlando, Florida},
}

@INPROCEEDINGS{harder03:improving,
  author = {Michael Harder and Jeff Mellen and Michael D. Ernst},
  title = {Improving test suites via operational abstraction},
  booktitle = {Proc. 25th International Conference on Software Engineering},
  year = {2003},
  pages = {60--71},
  isbn = {0-7695-1877-X},
  location = {Portland, Oregon},
}

@INPROCEEDINGS{harrold01:regression,
  author = {Mary Jean Harrold and
     James A. Jones and Tongyu Li and Donglin Liang and Ashish Gujarathi},
  title = {Regression test selection for {Java} software},
  booktitle = {Proc. 16th ACM SIGPLAN Conference on
     Object-Oriented Programming, Systems, Languages, and Applications},
  year = {2001},
  pages = {312--326},
  location = {Tampa Bay, FL},
}

@ARTICLE{harrold01:empirical,
  author = {Mary Jean Harrold and David Rosenblum and Gregg Rothermel and Elaine Weyuker},
  title = {Empirical Studies of a Prediction Model for Regression Test Selection},
  journal = {IEEE Trans. Softw. Eng.},
  year = {2001},
  volume = {27},
  pages = {248--263},
  number = {3},
  doi = {http://dx.doi.org/10.1109/32.910860},
  issn = {0098-5589},
  publisher = {IEEE Press},
}

@INPROCEEDINGS{harrold94:performing,
  author = {Mary Jean Harrold and Gregg Rothermel},
  title = {Performing data flow testing on classes},
  booktitle = {Proc. the 2nd ACM SIGSOFT symposium on Foundations of software engineering},
  year = {1994},
  pages = {154--163},
  publisher = {ACM Press},
  doi = {http://doi.acm.org/10.1145/193173.195402},
  isbn = {0-89791-691-3},
  location = {New Orleans, Louisiana, United States},
}

@ARTICLE{harrold00:empirical,
  author = {Mary Jean Harrold and Gregg Rothermel and Kent Sayre and Rui Wu and Liu Yi},
  title = {An Empirical Investigation of
     the Relationship Between Spectra Differences and Regression Faults},
  journal = {Journal of Software Testing, Verification and Reliability},
  year = {2000},
  volume = {10},
  pages = {171--194},
  number = {3},
}

@INPROCEEDINGS{heimdahl04:test,
  author = {Mats P.E. Heimdahl and George Devaraj},
  title = {Test-suite Reduction for Model
     Based Tests: Effects on test quality and Implications for Testing},
  booktitle = {Proc. 19th IEEE International Conference on Automated Software Engineering},
  year = {2004},
  pages = {176--185},
  address = {Linz, Austria},
  month = {September},
}

@TECHREPORT{henkel04:case,
  author = {Johannes Henkel and Amer Diwan},
  title = {Case Study: Debugging a Discovered
     Specification for java.util.{A}rray{L}ist by Using Algebraic Interpretation},
  institution = {University of Colorado at Boulder},
  year = {2004},
  number = {CU-CS-970-04},
}

@INPROCEEDINGS{henkel04:tool,
  author = {Johannes Henkel and Amer Diwan},
  title = {A Tool for Writing and Debugging Algebraic Specifications},
  booktitle = {Proc. 26th International Conference on Software Engineering},
  year = {2004},
  pages = {449--458},
}

@INPROCEEDINGS{henzinger2003:software,
  author = {Thomas A. Henzinger and Ranjit Jhala and Rupak Majumdar and Gregoire Sutre},
  title = {Software Verification with {BLAST}},
  booktitle = {Proc. 10th SPIN Workshop on Software Model Checking},
  year = {2003},
  pages = {235--239},
}

@INPROCEEDINGS{hildebrandt00:simplifying,
  author = {Ralf Hildebrandt and Andreas Zeller},
  title = {Simplifying failure-inducing input},
  booktitle = {Proc. the International Symposium on Software Testing and Analysis},
  year = {2000},
  pages = {135--145},
  publisher = {ACM Press},
  doi = {http://doi.acm.org/10.1145/347324.348938},
  isbn = {1-58113-266-2},
  location = {Portland, Oregon, United States},
}

@INPROCEEDINGS{hilsdale04:advice,
  author = {Erik Hilsdale and Jim Hugunin},
  title = {Advice weaving in {A}spect{J}},
  booktitle = {Proc. 3rd International Conference on Aspect-Oriented Software Development},
  year = {2004},
  pages = {26--35},
  doi = {http://doi.acm.org/10.1145/976270.976276},
  isbn = {1-58113-842-3},
  location = {Lancaster, UK},
}

@ARTICLE{hoare69:axiomatic,
  author = {C. A. R. Hoare},
  title = {An axiomatic basis for computer programming},
  journal = {Commun. ACM},
  year = {1969},
  volume = {12},
  pages = {576--580},
  number = {10},
  doi = {http://doi.acm.org/10.1145/363235.363259},
  issn = {0001-0782},
  publisher = {ACM Press},
}

@MISC{hoffman98:taxonomy,
  author = {Douglas Hoffman},
  title = {A Taxonomy for Test Oracles},
  howpublished = {Tutorial at 11th International Software Quality Week},
  year = {1998},
  url = {http://softwarequalitymethods.com/SQM/Papers/ATaxonomyPaper.pdf},
}

@INPROCEEDINGS{hong95:testing,
  author = {Hyoung Seok Hong and Yong Rae Kwon and Sung Deok Cha},
  title = {Testing of Object-Oriented Programs Based on Finite State Machines},
  booktitle = {Proc. the 2nd Asia-Pacific Software Engineering Conference},
  year = {1995},
  pages = {234--241},
  isbn = {0-8186-4600-4},
}

@INPROCEEDINGS{horwitz02:tool,
  author = {Susan B. Horwitz},
  title = {Tool support for improving test coverage},
  booktitle = {Proc. 11th European Symposium on Programming},
  year = {2002},
  pages = {162--177},
  address = {Grenoble, France},
  month = {April},
}

@ARTICLE{howden82:weak,
  author = {William E. Howden},
  title = {Weak mutation testing and completeness of test sets},
  journal = {IEEE Transactions on Software Engineering},
  year = {1982},
  volume = {8},
  pages = {371--379},
  number = {4},
  month = {July},
  publisher = {IEEE Press},
}

@ARTICLE{huang75:approach,
  author = {J. C. Huang},
  title = {An Approach to Program Testing},
  journal = {ACM Comput. Surv.},
  year = {1975},
  volume = {7},
  pages = {113--128},
  number = {3},
}

@INPROCEEDINGS{hughes96:datistish,
  author = {Merlin Hughes and David Stotts},
  title = {Daistish: systematic
     algebraic testing for OO programs in the presence of side-effects},
  booktitle = {Proc. International Symposium on Software Testing and Analysis},
  year = {1996},
  pages = {53--61},
  doi = {http://doi.acm.org/10.1145/229000.226301},
  isbn = {0-89791-787-1},
  location = {San Diego, California, United States},
}

@INPROCEEDINGS{hutchins94:experiments,
  author = {Monica Hutchins and Herb Foster and Tarak Goradia and Thomas Ostrand},
  title = {Experiments of the effectiveness of dataflow- and controlflow-based test adequacy criteria},
  booktitle = {Proc. 16th International Conference on Software Engineering},
  year = {1994},
  pages = {191--200},
  isbn = {0-8186-5855-X},
  location = {Sorrento, Italy},
}

@INPROCEEDINGS{iosif02:symmetry,
  author = {Radu Iosif},
  title = {Symmetry Reduction Criteria for Software Model Checking},
  booktitle = {Proc. 9th SPIN Workshop on Software Model Checking},
  year = {2002},
  volume = {2318},
  series = {LNCS},
  pages = {22--41},
  month = {July},
  publisher = {Springer},
}

@INPROCEEDINGS{jaramillo02:debugging,
  author = {Clara Jaramillo and Rajiv Gupta and Mary Lou Soffa},
  title = {Debugging and Testing Optimizers through Comparison Checking},
  booktitle = {Electronic Notes in Theoretical Computer Science},
  year = {2002},
  editor = {Jens Knoop and Wolf Zimmermann},
  volume = {65},
  publisher = {Elsevier},
  issue = {2},
}

@ARTICLE{johnson74:approximation,
  author = {D. S. Johnson},
  title = {Approximation Algorithms for Combinatorial Problems},
  journal = {J. Comput. System Sci.},
  year = {1974},
  volume = {9},
  pages = {256--278},
}

@INPROCEEDINGS{jones01:test,
  author = {James A. Jones and Mary Jean Harrold},
  title = {Test-Suite Reduction and Prioritization for Modified Condition/Decision Coverage},
  booktitle = {Proc. IEEE International Conference on Software Maintenance},
  year = {2001},
  pages = {92},
}

@INPROCEEDINGS{jones02:visualization,
  author = {James A. Jones and Mary Jean Harrold and John Stasko},
  title = {Visualization of test information to assist fault localization},
  booktitle = {Proc. the 24th international conference on Software engineering},
  year = {2002},
  pages = {467--477},
  publisher = {ACM Press},
  doi = {http://doi.acm.org/10.1145/581339.581397},
  isbn = {1-58113-472-X},
  location = {Orlando, Florida},
}

@BOOK{kaner02:lessions,
  title = {Lessons Learned in Software Testing},
  publisher = {Wiley \& Sons},
  year = {2002},
  author = {Cem Kaner and James Bach and Bret Pettichord},
}

@ARTICLE{karlsson97:cost,
  author = {Joachim Karlsson and Kevin Ryan},
  title = {A Cost-Value Approach for Prioritizing Requirements},
  journal = {IEEE Software},
  year = {1997},
  volume = {14},
  pages = {67--74},
  number = {5},
  doi = {http://dx.doi.org/10.1109/52.605933},
  issn = {0740-7459},
  publisher = {IEEE Computer Society Press},
}

@INPROCEEDINGS{khurshid03:generalized,
  author = {Sarfraz Khurshid and Corina S. Pasareanu and Willem Visser},
  title = {Generalized symbolic execution for model checking and testing},
  booktitle = {Proc. 9th International Conference on
     Tools and Algorithms for the Construction and Analysis of Systems},
  year = {2003},
  pages = {553--568},
  month = {April},
  location = {Warsaw, Poland},
}

@INCOLLECTION{kiczales97:aspect,
  author = {Gregor Kiczales and John Lamping and Anurag Menhdhekar and Chris
     Maeda and Cristina Lopes and Jean-Marc Loingtier and John Irwin},
  title = {Aspect-Oriented Programming},
  booktitle = {Proc. 11th European Conference on Object-Oriented Programming},
  year = {1997},
  pages = {220--242},
}

@INPROCEEDINGS{kim02:history,
  author = {Jung-Min Kim and Adam Porter},
  title = {A history-based test prioritization
     technique for regression testing in resource constrained environments},
  booktitle = {Proc. the 24th international conference on Software engineering},
  year = {2002},
  pages = {119--129},
  publisher = {ACM Press},
  doi = {http://doi.acm.org/10.1145/581339.581357},
  isbn = {1-58113-472-X},
  location = {Orlando, Florida},
}

@ARTICLE{king76:symbolic,
  author = {James C. King},
  title = {Symbolic execution and program testing},
  journal = {Commun. ACM},
  year = {1976},
  volume = {19},
  pages = {385--394},
  number = {7},
}

@ARTICLE{korel90:automated,
  author = {Bogdan Korel},
  title = {Automated Software Test Data Generation},
  journal = {IEEE Trans. Softw. Eng.},
  year = {1990},
  volume = {16},
  pages = {870--879},
  number = {8},
}

@INPROCEEDINGS{korel98:automated,
  author = {Bogdan Korel and Ali M. Al-Yami},
  title = {Automated regression test generation},
  booktitle = {Proc. 1998 ACM SIGSOFT International Symposium on Software Testing and Analysis},
  year = {1998},
  pages = {143--152},
  location = {Clearwater Beach, Florida},
}

@INPROCEEDINGS{korel96:assertion,
  author = {Bogdan Korel and Ali M. Al-Yami},
  title = {Assertion-oriented automated test data generation},
  booktitle = {Proc. 18th International Conference on Software Engineering},
  year = {1996},
  pages = {71--80},
  publisher = {IEEE Computer Society},
  isbn = {0-8186-7246-3},
  location = {Berlin, Germany},
}

@INPROCEEDINGS{krishnamurthi04:verifying,
  author = {Shriram Krishnamurthi and Kathi Fisler and Michael Greenberg},
  title = {Verifying Aspect Advice Modularly},
  booktitle = {Proc. 12th International Symposium on the Foundations of Software Engineering},
  year = {2004},
  month = {November},
}

@INPROCEEDINGS{kropp98:automated,
  author = {Nathan P. Kropp and Philip J. Koopman Jr. and Daniel P. Siewiorek},
  title = {Automated Robustness Testing of Off-the-Shelf Software Components},
  booktitle = {Proc. 28th IEEE International Symposium on Fault Tolerant Computing},
  year = {1998},
  pages = {230--239},
}

@INPROCEEDINGS{kung94:object,
  author = {David Kung and Nimish Suchak and Jerry Gao and Pei Hsia},
  title = {On object state testing},
  booktitle = {Proc. 18th International Computer Software and Applications Conference},
  year = {1994},
  pages = {222--227},
}

@BOOK{laddad03:aspectj,
  title = {{A}spect{J} in Action},
  publisher = {Manning},
  year = {2003},
  author = {Ramnivas Laddad},
  isbn = {193011},
}

@INPROCEEDINGS{law03:whole,
  author = {James Law and Gregg Rothermel},
  title = {Whole program Path-Based dynamic impact analysis},
  booktitle = {Proc. the 25th international conference on Software engineering},
  year = {2003},
  pages = {308--318},
  publisher = {IEEE Computer Society},
  isbn = {0-7695-1877-X},
  location = {Portland, Oregon},
}

@TECHREPORT{leavens98:preliminary,
  author = {Gary T. Leavens and Albert L. Baker and Clyde Ruby},
  title = {Preliminary Design of
     {JML}: {A} Behavioral Interface Specification Language for {Java}},
  institution = {Department of Computer Science, Iowa State University},
  year = {1998},
  number = {TR 98-06i},
  month = Jun,
  url = {citeseer.nj.nec.com/leavens99preliminary.html},
}

@INPROCEEDINGS{lee96:principles,
  author = {David Lee and Mihalis Yannakakis},
  title = {Principles and Methods of Testing Finite State Machines - {A} Survey},
  booktitle = {Proc. The IEEE},
  year = {1996},
  volume = {84},
  number = {8},
  pages = {1090--1123},
  month = aug,
}

@INPROCEEDINGS{Utting02,
  author = {B. Legeard and F. Peureux and M. Utting},
  title = {{A comparison of the LIFC/B and TTF/Z test-generation methods}},
  booktitle = {Proc. 2nd International Z and B Conference},
  year = {2002},
  pages = {309--329},
  month = {January},
  optvolume = {LNCS 2272},
}

@INPROCEEDINGS{leung91:cost,
  author = {H.K.N. Leung and L.J. White},
  title = {A cost model to compare regression test strategies},
  booktitle = {Proc. the International Conference on Software Maintenance},
  year = {1991},
  pages = {201--208},
  publisher = {IEEE Computer Society},
  isbn = {0-7695-1819-2},
}

@INPROCEEDINGS{liblit03:bug,
  author = {Ben Liblit and Alex Aiken and Alice X. Zheng and Michael I. Jordan},
  title = {Bug isolation via remote program sampling},
  booktitle = {Proc. ACM SIGPLAN Conference on Programming Language Design and Implementation},
  year = {2003},
  pages = {141--154},
  doi = {http://doi.acm.org/10.1145/781131.781148},
  isbn = {1-58113-662-5},
  location = {San Diego, California, USA},
}

@ARTICLE{lieberherr01:aspect,
  author = {Karl Lieberherr and Doug Orleans and Johan Ovlinger},
  title = {Aspect-oriented programming with adaptive methods},
  journal = {Commun. ACM},
  year = {2001},
  volume = {44},
  pages = {39--41},
  number = {10},
}

@BOOK{liskov00:program,
  title = {Program Development in {Java}: Abstraction, Specification, and Object-Oriented Design},
  publisher = {Addison-Wesley},
  year = {2000},
  author = {Barbara Liskov and John Guttag},
}

@INCOLLECTION{mackinnon01:endo,
  author = {Tim Mackinnon and Steve Freeman and Philip Craig},
  title = {Endo-Testing: Unit Testing with Mock Objects},
  booktitle = {Extreme Programming Examined},
  publisher = {Addison-Wesley},
  year = {2001},
}

@INPROCEEDINGS{malishevsky02:modeling,
  author = {Alexey G. Malishevsky and Gregg Rothermel and Sebastian G. Elbaum},
  title = {Modeling the Cost-Benefits Tradeoffs for Regression Testing Techniques},
  booktitle = {Proc. the International Conference on Software Maintenance},
  year = {2002},
  pages = {204},
  publisher = {IEEE Computer Society},
  isbn = {0-7695-1819-2},
}

@INPROCEEDINGS{marinov01:testera,
  author = {Darko Marinov and Sarfraz Khurshid},
  title = {Test{E}ra: A Novel Framework for Automated Testing of {J}ava Programs},
  booktitle = {Proc. 16th IEEE International Conference on Automated Software Engineering},
  year = {2001},
  pages = {22--31},
}

@INPROCEEDINGS{marinov03:object,
  author = {Darko Marinov and Robert O'Callahan},
  title = {Object equality profiling},
  booktitle = {Proc. the 18th ACM SIGPLAN Conference on
     Object-Oriented Programing, Systems, Languages, and Applications},
  year = {2003},
  pages = {313--325},
  publisher = {ACM Press},
  doi = {http://doi.acm.org/10.1145/949305.949333},
  isbn = {1-58113-712-5},
  location = {Anaheim, California, USA},
}

@INPROCEEDINGS{mccamant03:predicting,
  author = {Stephen McCamant and Michael D. Ernst},
  title = {Predicting problems caused by component upgrades},
  booktitle = {Proc. the 10th ESEC/FSE},
  year = {2003},
  pages = {287--296},
  location = {Helsinki, Finland},
}

@BOOK{mcmillan93:symbolic,
  title = {Symbolic Model Checking},
  publisher = {Kluwer Academic Publishers},
  year = {1993},
  author = {Kenneth L. McMillan},
}

@PHDTHESIS{memon01:comprehensive,
  author = {Atif M. Memon},
  title = {A Comprehensive Framework for Testing Graphical User Interfaces},
  school = {University of Pittsburgh},
  year = {2001},
  type = {{Ph.D.}},
  address = {Pittsburgh, PA},
  month = {July},
}

@INPROCEEDINGS{memon03:what,
  author = {Atif M. Memon and Ishan Banerjee and Adithya Nagarajan},
  title = {What Test Oracle Should {I} use for Effective {GUI} Testing?},
  booktitle = {Proc. 18th IEEE International Conference on Automated Software Engineering},
  year = {2003},
  pages = {164--173},
  location = {Montreal, Canada},
}

@INPROCEEDINGS{memon00:automated,
  author = {Atif M. Memon and Martha E. Pollack and Mary Lou Soffa},
  title = {Automated test oracles for GUIs},
  booktitle = {Proc. 8th ACM SIGSOFT International Symposium on Foundations of Software Engineering},
  year = {2000},
  pages = {30--39},
  location = {San Diego, California},
}

@INPROCEEDINGS{memon03:regression,
  author = {Atif M. Memon and Mary Lou Soffa},
  title = {Regression testing of {GUIs}},
  booktitle = {Proc. 9th European Software Engineering Conference held jointly with 11th ACM
     SIGSOFT International Symposium on Foundations of Software Engineering},
  year = {2003},
  pages = {118--127},
  location = {Helsinki, Finland},
}

@BOOK{meyer88:object,
  title = {Object-Oriented Software Construction},
  publisher = {Prentice Hall},
  year = {1988},
  author = {Bertrand Meyer},
}

@BOOK{meyer92:eiffel,
  title = {Eiffel: The Language},
  publisher = {Prentice Hall},
  year = {1992},
  author = {Bertrand Meyer},
}

@ARTICLE{miller90:empirical,
  author = {Barton P. Miller and Louis Fredriksen and Bryan So},
  title = {An empirical study of the reliability of UNIX utilities},
  journal = {Commun. ACM},
  year = {1990},
  volume = {33},
  pages = {32--44},
  number = {12},
  issn = {0001-0782},
}

@INPROCEEDINGS{musuvathi02:cmc,
  author = {Madanlal Musuvathi and
     David Park and Andy Chou and Dawson R. Engler and David L. Dill},
  title = {{CMC}: A Pragmatic Approach to Model Checking Real Code},
  booktitle = {Proc. 5th Symposium on Operating Systems Design and Implementation},
  year = {2002},
  pages = {75--88},
  month = {December},
  location = {Boston, Massachusetts},
}

@BOOK{myers79:art,
  title = {Art of Software Testing},
  publisher = {John Wiley \& Sons, Inc.},
  year = {1979},
  author = {Glenford J. Myers},
  isbn = {0471043281},
}

@INPROCEEDINGS{nguyen98:design,
  author = {Dung Nguyen},
  title = {Design patterns for data structures},
  booktitle = {Proc. 29th SIGCSE Technical Symposium on Computer Science Education},
  year = {1998},
  pages = {336--340},
  doi = {http://doi.acm.org/10.1145/273133.274325},
  isbn = {0-89791-994-7},
  location = {Atlanta, Georgia, United States},
}

@inproceedings{nimmer01:static,
   author = {Jeremy W. Nimmer and Michael D. Ernst},
   title = {Static verification of dynamically detected program
    invariants: Integrating {Daikon} and {ESC}/{Java}},
   booktitle = {Proc. 1st Workshop on Runtime Verification},
   address = {Paris, France},
   month = {July},
   year = {2001},
}

@INPROCEEDINGS{notkin02:longitudinal,
  author = {David Notkin},
  title = {Longitudinal program analysis},
  booktitle = {Proc. 2002 ACM SIGPLAN-SIGSOFT
     Workshop on Program Analysis for Software Tools and Engineering},
  year = {2002},
  pages = {1--1},
  location = {Charleston, South Carolina},
}

@ARTICLE{ostrand88:category,
  author = {T. J. Ostrand and M. J. Balcer},
  title = {The category-partition method for specifying and generating fuctional tests},
  journal = {Commun. ACM},
  year = {1988},
  volume = {31},
  pages = {676--686},
  number = {6},
  doi = {http://doi.acm.org/10.1145/62959.62964},
  issn = {0001-0782},
  publisher = {ACM Press},
}

@INPROCEEDINGS{ostrand98:visual,
  author = {Thomas Ostrand and Aaron Anodide and Herbert Foster and Tarak Goradia},
  title = {A visual test development environment for GUI systems},
  booktitle = {Proc. 1998 ACM SIGSOFT International Symposium on Software Testing and Analysis},
  year = {1998},
  pages = {82--92},
  location = {Clearwater Beach, Florida},
}

@INPROCEEDINGS{ostrand04:using,
  author = {Thomas J. Ostrand and Elaine J. Weyuker and Robert M. Bell },
  title = {Using Static Analysis to Determine Where to Focus Dynamic Testing Effort},
  booktitle = {Proc. the second International Workshop on Dynamic Analysis},
  year = {2004},
  pages = {1--8},
  location = {Edinburgh, Scotland},
}

@INPROCEEDINGS{ostrand04:where,
  author = {Thomas J. Ostrand and Elaine J. Weyuker and Robert M. Bell },
  title = {Where the Bugs Are},
  booktitle = {Proc. the International Symposium on Software Testing and Analysis},
  year = {2004},
  location = {Boston, Massachusetts},
}

@MISC{pacheco04:eclattool,
  author = {Carlos Pacheco and Michael D. Ernst},
  title = {Eclat documents},
  howpublished = {Online manual},
  month = {Oct.},
  year = {2004},
  note = {\url{http://people.csail.mit.edu/people/cpacheco/eclat/}},
  url = {http://people.csail.mit.edu/people/cpacheco/eclat/},
}


@inproceedings{pacheco05:eclat,
   author = {Carlos Pacheco and Michael D. Ernst},
   title = {Eclat: Automatic generation and classification of test inputs},
   booktitle = {Proc. 19th European Conference on Object-Oriented Programming},
   address = {Glasgow, Scotland},
   month = {July},
   year = {2005},
   pages = {504--527},
}


@ARTICLE{panzl75:automatic,
  author = {David J. Panzl},
  title = {Automatic Software Test Drivers},
  journal = {Computer},
  year = {1978},
  volume = {11},
  pages = {44--50},
  number = {4},
  month = {April},
}

@MISC{parasoft02:jcontract,
  author = {Parasoft},
  title = {Jcontract manuals version 1.5},
  howpublished = {Online manual},
  month = {October},
  year = {2002},
  note = {\url{http://www.parasoft.com/}},
}

@INPROCEEDINGS{depauw02:visualizing,
  author = {Wim De Pauw and Erik Jensen and Nick
     Mitchell and Gary Sevitsky and John M. Vlissides and Jeaha Yang},
  title = {Visualizing the Execution of Java Programs},
  booktitle = {Revised Lectures on Software Visualization, International Seminar},
  year = {2002},
  pages = {151--162},
  publisher = {Springer-Verlag},
  isbn = {3-540-43323-6},
}

@INPROCEEDINGS{pavlopoulou99:residual,
  author = {Christina Pavlopoulou and Michal Young},
  title = {Residual test coverage monitoring},
  booktitle = {Proc. 21st International Conference on Software Engineering},
  year = {1999},
  pages = {277--284},
  location = {Los Angeles, California},
}

@ARTICLE{pugh92:practical,
  author = {William Pugh},
  title = {A practical algorithm for exact array dependence analysis},
  journal = {Commun. ACM},
  year = {1992},
  volume = {35},
  pages = {102--114},
  number = {8},
  doi = {http://doi.acm.org/10.1145/135226.135233},
  issn = {0001-0782},
  publisher = {ACM Press},
}

@ARTICLE{ramamoorthy76:automated,
  author = {C. Ramamoorthy and S. Ho and W. Chert},
  title = {On the automated generation of program test data},
  journal = {IEEE Trans. Softw. Eng.},
  year = {1976},
  volume = {2},
  pages = {293-300},
  number = {4},
}

@INPROCEEDINGS{reese97:software,
  author = {Jon Damon Reese and Nancy G. Leveson},
  title = {Software deviation analysis},
  booktitle = {Proc. the 19th International Conference on Software Engineering},
  year = {1997},
  pages = {250--260},
  doi = {http://doi.acm.org/10.1145/253228.253281},
  isbn = {0-89791-914-9},
  location = {Boston, Massachusetts, United States},
}

@INPROCEEDINGS{reiss01:encoding,
  author = {Steven P. Reiss and Manos Renieris},
  title = {Encoding program executions},
  booktitle = {Proc. 23rd International Conference on Software Engineering},
  year = {2001},
  pages = {221--230},
  isbn = {0-7695-1050-7},
  location = {Toronto, Ontario, Canada},
}

@INPROCEEDINGS{reps97:use,
  author = {Thomas Reps and Thomas Ball and Manuvir Das and James Larus},
  title = {The use of program profiling for
     software maintenance with applications to the year 2000 problem},
  booktitle = {Proc. the 6th ESEC/FSE},
  year = {1997},
  pages = {432--449},
  doi = {http://doi.acm.org/10.1145/267895.267925},
  isbn = {3-540-63531-9},
}

@INPROCEEDINGS{richardson94:taos,
  author = {Debra J. Richardson},
  title = {{TAOS}: {T}esting with Analysis and Oracle Support},
  booktitle = {Proc. 1994 ACM SIGSOFT International Symposium on Software Testing and Analysis},
  year = {1994},
  pages = {138--153},
  location = {Seattle, Washington},
}

@INPROCEEDINGS{richardson92:specification,
  author = {Debra J. Richardson and Stephanie Leif Aha and T. Owen O'Malley},
  title = {Specification-based test oracles for reactive systems},
  booktitle = {Proc. 14th International Conference on Software Engineering},
  year = {1992},
  pages = {105--118},
  location = {Melbourne, Australia},
}

@INPROCEEDINGS{rinard04:classification,
  author = {Martin Rinard and Alexandru Salcianu and Suhabe Bugrara},
  title = {A Classification System and Analysis for Aspect-Oriented Programs},
  booktitle = {Proc. 12th International Symposium on the Foundations of Software Engineering},
  year = {2004},
  month = {November},
}

@INPROCEEDINGS{robby03:bogor,
  author = {Robby and Matthew B. Dwyer and John Hatcliff},
  title = {Bogor: an extensible and highly-modular software model checking framework},
  booktitle = {Proc. 9th European Software Engineering Conference held jointly with 11th ACM
     SIGSOFT International Symposium on Foundations of Software Engineering},
  year = {2003},
  pages = {267--276},
  location = {Helsinki, Finland},
}

@INPROCEEDINGS{robby03:space,
  author = {Robby and Matthew B. Dwyer and John Hatcliff and Radu Iosif},
  title = {Space-reduction strategies for model checking dynamic systems},
  booktitle = {Proc. 2003 Workshop on Software Model Checking},
  year = {2003},
  month = {July},
}

@INPROCEEDINGS{rosenblum92:towards,
  author = {David S. Rosenblum},
  title = {Towards a method of programming with assertions},
  booktitle = {Proc. 14th International Conference on Software Engineering},
  year = {1992},
  pages = {92--104},
  doi = {http://doi.acm.org/10.1145/143062.143098},
  isbn = {0-89791-504-6},
  location = {Melbourne, Australia},
}

@ARTICLE{rosenblum97:coverage,
  author = {David S. Rosenblum and Elaine J. Weyuker},
  title = {Using Coverage Information to
     Predict the Cost-Effectiveness of Regression Testing Strategies},
  journal = {IEEE Trans. Softw. Eng.},
  year = {1997},
  volume = {23},
  pages = {146--156},
  number = {3},
  doi = {http://dx.doi.org/10.1109/32.585502},
  issn = {0098-5589},
  publisher = {IEEE Press},
}

@INPROCEEDINGS{rothermel02:impact,
  author = {Gregg Rothermel and Sebastian
     Elbaum and Alexey Malishevsky and Praveen Kallakuri and Brian Davia},
  title = {The impact of test suite granularity on the cost-effectiveness of regression testing},
  booktitle = {Proc. the 24th international conference on Software engineering},
  year = {2002},
  pages = {130--140},
  publisher = {ACM Press},
  doi = {http://doi.acm.org/10.1145/581339.581358},
  isbn = {1-58113-472-X},
  location = {Orlando, Florida},
}

@ARTICLE{rothermel97:safe,
  author = {Gregg Rothermel and Mary Jean Harrold},
  title = {A safe, efficient regression test selection technique},
  journal = {ACM Trans. Softw. Eng. Methodol.},
  year = {1997},
  volume = {6},
  pages = {173--210},
  number = {2},
  doi = {http://doi.acm.org/10.1145/248233.248262},
  issn = {1049-331X},
}

@INPROCEEDINGS{rothermel98:empirical,
  author = {Gregg Rothermel and Mary Jean Harrold and Jeffery Ostrin and Christie Hong},
  title = {An Empirical Study of the Effects of
     Minimization on the Fault Detection Capabilities of Test Suites},
  booktitle = {Proc. International Conference on Software Maintenance},
  year = {1998},
  pages = {34--43},
  isbn = {0-8186-8779-7},
}

@ARTICLE{rothermel01:prioritizing,
  author = {Gregg Rothermel and Roland J. Untch and Chengyun Chu},
  title = {Prioritizing Test Cases For Regression Testing},
  journal = {IEEE Trans. Softw. Eng.},
  year = {2001},
  volume = {27},
  pages = {929--948},
  number = {10},
  doi = {http://dx.doi.org/10.1109/32.962562},
  issn = {0098-5589},
  publisher = {IEEE Press},
}

@INPROCEEDINGS{rountev04:precise,
  author = {Atanas Rountev},
  title = {Precise Identification of Side-effect-free Methods in {Java}},
  booktitle = {Proc. 20th IEEE International Conference on Software Maintenance},
  year = {2004},
  pages = {82--91},
  month = {Sept.},
}

@INPROCEEDINGS{rountev03:fragment,
  author = {Atanas Rountev and Ana Milanova and Barbara G. Ryder},
  title = {Fragment class analysis for testing of polymorphism in Java software},
  booktitle = {Proc. the 25th international conference on Software engineering},
  year = {2003},
  pages = {210--220},
  publisher = {IEEE Computer Society},
  isbn = {0-7695-1877-X},
  location = {Portland, Oregon},
}

@INPROCEEDINGS{saff04:automatic,
  author = {David Saff and Michael D. Ernst},
  title = {Automatic mock object creation for test factoring},
  booktitle = {Proc. ACM SIGPLAN/SIGSOFT Workshop
     on Program Analysis for Software Tools and Engineering (PASTE'04)},
  year = {2004},
  pages = {49--51},
  address = {Washington, DC},
  month = {June},
}

@INPROCEEDINGS{saff03:reducing,
  author = {David Saff and Michael D. Ernst},
  title = {Reducing wasted development time via continuous testing},
  booktitle = {Proc. 14th International Symposium on Software Reliability Engineering},
  year = {2003},
  pages = {281--292},
  address = {Denver, CO},
  month = {November},
}

@TECHREPORT{salcianu01:pointer,
  author = {Alexandru Salcianu},
  title = {Pointer analysis and its applications for {J}ava programs},
  institution = {MIT Laboratory for Computer Science},
  year = {2001},
  type = {Master's thesis},
}

@TECHREPORT{salcianu04:purity,
  author = {Alexandru Salcianu and Martin Rinard},
  title = {A Combined Pointer and Purity Analysis for {Java} Programs},
  institution = {MIT CSAIL},
  year = {2004},
  number = {MIT-LCS-TR-949},
  address = {Cambridge, MA},
  month = May,
}

@INPROCEEDINGS{schlenker02:pooc,
  author = {Hans Schlenker and Georg Ringwelski},
  title = {{POOC}: A Platform for Object-Oriented Constraint Programming},
  booktitle = {Proc. 2002 International
     Workshop on Constraint Solving and Constraint Logic Programming},
  year = {2002},
  pages = {159--170},
  month = {June},
  location = {Cork, Ireland},
}

@INPROCEEDINGS{schmid02:comprehensive,
  author = {Klaus Schmid},
  title = {A comprehensive product line scoping approach and its validation},
  booktitle = {Proc. the 24th international conference on Software engineering},
  year = {2002},
  pages = {593--603},
  publisher = {ACM Press},
  doi = {http://doi.acm.org/10.1145/581339.581415},
  isbn = {1-58113-472-X},
  location = {Orlando, Florida},
}

@INPROCEEDINGS{schroeder04:generating,
  author = {Patrick J. Schroeder and Pat Faherty and Bogdan Korel},
  title = {Generating expected results for automated black-box testing},
  booktitle = {Proc. 17th IEEE International Conference on Automated Software Engineering},
  year = {2002},
  pages = {139--148},
  month = {September},
  location = {Edinburgh, UK},
}

@INPROCEEDINGS{souter01:incremental,
  author = {Amie L. Souter and Lori L. Pollock},
  title = {Incremental Call Graph Reanalysis for Object-Oriented Software Maintenance},
  booktitle = {Proc. the International Conference on Software Maintenance},
  year = {2001},
  pages = {682--691},
  publisher = {IEEE Computer Society},
}

@INPROCEEDINGS{souter03:testing,
  author = {Amie L. Souter and David Shepherd and Lori L. Pollock},
  title = {Testing with Respect to Concerns},
  booktitle = {Proc. International Conference on Software Maintenance},
  year = {2003},
  pages = {54},
}

@INPROCEEDINGS{srivastava02:effectively,
  author = {Amitabh Srivastava and Jay Thiagarajan},
  title = {Effectively prioritizing tests in development environment},
  booktitle = {Proc. International Symposium on Software Testing and Analysis},
  year = {2002},
  pages = {97--106},
  location = {Roma, Italy},
}

@MISC{stotts98:java,
  author = {David Stotts and David Kennedy and Sheila Knight and Tim Preston and Ibrahim Salama},
  title = {The Java Tester tool},
  month = {April},
  year = {1998},
  source = {http://www.cs.unc.edu/~stotts/danish/web/},
}

@INPROCEEDINGS{stotts02:jax,
  author = {David Stotts and Mark Lindsey and Angus Antley},
  title = {An informal formal method for systematic {JUnit} test case generation},
  booktitle = {Proc. 2002 XP/Agile Universe},
  year = {2002},
  pages = {131--143},
  location = {Chicago, Illinois, United States},
}

@INPROCEEDINGS{sullivan04:software,
  author = {Kevin Sullivan and Jinlin Yang and David Coppit and Sarfraz Khurshid and Daniel Jackson},
  title = {Software assurance by bounded exhaustive testing},
  booktitle = {Proc. 2004 ACM SIGSOFT International Symposium on Software Testing and Analysis},
  year = {2004},
  pages = {133--142},
  location = {Boston, Massachusetts},
}

@BOOK{szyperski98:component,
  title = {Component Software: Beyond Object-Oriented Programming},
  publisher = {ACM Press and Addison-Wesley},
  year = {1998},
  author = {Clemens Szyperski},
  address = {New York, NY},
  annotate = {An excellent overview of component-based programming. Many references.},
  key = {Szperski},
}

@INPROCEEDINGS{tarr99:degrees,
  author = {Peri Tarr and Harold Ossher and William Harrison and Stanley M. Sutton, Jr.},
  title = {N degrees of separation: multi-dimensional separation of concerns},
  booktitle = {Proc. 21st International Conference on Software Engineering},
  year = {1999},
  pages = {107--119},
}

@MISC{aspectj03:aspectj,
  author = {The AspectJ Team},
  title = {The {A}spect{J} Programming Guide},
  howpublished = {Online manual},
  year = {2003},
  url = {http://eclipse.org/aspectj/},
}

@INPROCEEDINGS{thompson93:information,
  author = {Margaret C. Thompson and Debra J. Richardson and Lori A. Clarke},
  title = {An information flow model of fault detection},
  booktitle = {Proc. International Symposium on Software Testing and Analysis},
  year = {1993},
  pages = {182--192},
  doi = {http://doi.acm.org/10.1145/154183.154270},
  isbn = {0-89791-608-5},
  location = {Cambridge, Massachusetts, United States},
}

@INPROCEEDINGS{tonella04:evolutionary,
  author = {Paolo Tonella},
  title = {Evolutionary testing of classes},
  booktitle = {Proc. 2004 ACM SIGSOFT International Symposium on Software Testing and Analysis},
  year = {2004},
  pages = {119--128},
  location = {Boston, Massachusetts},
}

@INPROCEEDINGS{turner93:state,
  author = {Christopher D. Turner and David J. Robson},
  title = {The State-Based Testing of Object-Oriented Programs},
  booktitle = {Proc. International Conference on Software Maintenance},
  year = {1993},
  pages = {302--310},
  isbn = {0-8186-4600-4},
}

@INPROCEEDINGS{visser00:model,
  author = {Willem Visser and Klaus Havelund and Guillaume Brat and SeungJoon Park},
  title = {Model Checking Programs},
  booktitle = {Proc. 15th IEEE International Conference on Automated Software Engineering},
  year = {2000},
  pages = {3--12},
}

@INPROCEEDINGS{visser04:test,
  author = {Willem Visser and Corina S. Pasareanu and Sarfraz Khurshid},
  title = {Test input generation with {J}ava {P}ath{F}inder},
  booktitle = {Proc. 2004 ACM SIGSOFT International Symposium on Software Testing and Analysis},
  year = {2004},
  pages = {97--107},
  isbn = {1-58113-820-2},
  location = {Boston, Massachusetts},
}

@INPROCEEDINGS{visser00:using,
  author = {William Visser and SeungJoon Park and John Penix},
  title = {Using predicate abstraction to reduce object-oriented programs for model checking},
  booktitle = {Proc. 3rd Workshop on Formal Methods in Software Practice},
  year = {2000},
  pages = {3--182},
  doi = {http://doi.acm.org/10.1145/349360.351125},
  isbn = {1-58113-262-X},
  location = {Portland, Oregon, United States},
}

@INPROCEEDINGS{vivien01:incrementalized,
  author = {Fr\&\#233;d\&\#233;ric Vivien and Martin Rinard},
  title = {Incrementalized pointer and escape analysis},
  booktitle = {Proc. the ACM SIGPLAN
     2001 conference on Programming language design and implementation},
  year = {2001},
  pages = {35--46},
  publisher = {ACM Press},
  doi = {http://doi.acm.org/10.1145/378795.378804},
  isbn = {1-58113-414-2},
  location = {Snowbird, Utah, United States},
}

@ARTICLE{voas92:pie,
  author = {Jeffrey M. Voas},
  title = {{PIE}: A Dynamic Failure-Based Technique},
  journal = {IEEE Transactions on Software Engineering},
  year = {1992},
  volume = {18},
  pages = {717--727},
  number = {8},
  doi = {http://dx.doi.org/10.1109/32.153381},
  issn = {0098-5589},
  publisher = {IEEE Press},
}

@INPROCEEDINGS{weiser81:program,
  author = {Mark Weiser},
  title = {Program slicing},
  booktitle = {Proc. 5th International Conference on Software Engineering},
  year = {1981},
  pages = {439--449},
  location = {San Diego, California, United States},
}

@BOOK{weiss99:data,
  title = {Data Structures and Algorithm Analysis in Java},
  publisher = {Addison Wesley},
  year = {1999},
  author = {Mark Allen Weiss},
}

@ARTICLE{weyuker80:theories,
  author = {Elaine J. Weyuker and Thomas J. Ostrand},
  title = {Theories of Program Testing and the Application of Revealing Subdomains},
  journal = {IEEE Trans. Software Eng.},
  year = {1980},
  volume = {6},
  pages = {236-246},
  number = {3},
}

@INPROCEEDINGS{whaley02:automatic,
  author = {John Whaley and Michael C. Martin and Monica S. Lam},
  title = {Automatic extraction of object-oriented component interfaces},
  booktitle = {Proc. International Symposium on Software Testing and Analysis},
  year = {2002},
  pages = {218--228},
  doi = {http://doi.acm.org/10.1145/566172.566212},
  isbn = {1-58113-562-9},
  location = {Roma, Italy},
}

@INPROCEEDINGS{wong97:study,
  author = {W. Eric Wong and Joseph R. Horgan and Saul London and Hira Agrawal Bellcore},
  title = {A Study of Effective Regression Testing in Practice},
  booktitle = {Proc. 8th International Symposium on Software Reliability Engineering},
  year = {1997},
  pages = {230--238},
}

@INPROCEEDINGS{wong95:effect,
  author = {W. Eric Wong and Joseph R. Horgan and Saul London and Aditya P. Mathur},
  title = {Effect of test set minimization on fault detection effectiveness},
  booktitle = {Proc. 17th International Conference on Software Engineering},
  year = {1995},
  pages = {41--50},
  location = {Seattle, Washington},
}

@INPROCEEDINGS{wong97:test,
  author = {W. Eric Wong and Joseph R. Horgan and Aditya P. Mathur and Alberto Pasquini},
  title = {Test Set Size Minimization and
     Fault Detection Effectiveness: A Case Study in a Space Application},
  booktitle = {Proc. 21st International Computer Software and Applications Conference},
  year = {1997},
  pages = {522--528},
  month = {August},
}



@INPROCEEDINGS{xu04:aspect,
  author = {Weifeng Xu and Dianxiang Xu and Vivek Goel and Ken Nygard},
  title = {Aspect Flow Graph for Testing Aspect-Oriented Programs},
  booktitle = {Proc. 8th IASTED International Conference on Software Engineering and Applications},
  year = {2004},
}

@INPROCEEDINGS{yang04:dynamically,
  author = {Jinlin Yang and David Evans},
  title = {Dynamically inferring temporal properties},
  booktitle = {Proc. ACM-SIGPLAN-SIGSOFT
     Workshop on Program Analysis for Software Tools and Engineering},
  year = {2004},
  pages = {23--28},
  doi = {http://doi.acm.org/10.1145/996821.996832},
  isbn = {1-58113-910-1},
  location = {Washington DC, USA},
}

@INPROCEEDINGS{yur99:incremental,
  author = {Jyh-shiarn Yur and Barbara G. Ryder and William A. Landi},
  title = {An incremental flow- and context-sensitive pointer aliasing analysis},
  booktitle = {Proc. the 21st international conference on Software engineering},
  year = {1999},
  pages = {442--451},
  publisher = {IEEE Computer Society Press},
  isbn = {1-58113-074-0},
  location = {Los Angeles, California, United States},
}

@INPROCEEDINGS{zeller02:isolating,
  author = {Andreas Zeller},
  title = {Isolating cause-effect chains from computer programs},
  booktitle = {Proc. the 10th ACM SIGSOFT Symposium on Foundations of Software Engineering},
  year = {2002},
  pages = {1--10},
  doi = {http://doi.acm.org/10.1145/587051.587053},
  isbn = {1-58113-514-9},
  location = {Charleston, South Carolina, USA},
}

@INPROCEEDINGS{zeller99:yesterday,
  author = {Andreas Zeller},
  title = {Yesterday, my program worked. {Today}, it does not. {Why}?},
  booktitle = {Proc. the 7th ESEC/FSE},
  year = {1999},
  pages = {253--267},
  doi = {http://doi.acm.org/10.1145/318773.318946},
  isbn = {3-540-66538-2},
  location = {Toulouse, France},
}

@INPROCEEDINGS{zhao03:data,
  author = {Jianjun Zhao},
  title = {Data-Flow-Based Unit Testing of Aspect-Oriented Programs},
  booktitle = {Proc. 27th IEEE International Computer Software and Applications Conference},
  year = {2003},
  pages = {188-197},
  month = {Nov.},
}

@INPROCEEDINGS{zhao02:tool,
  author = {Jianjun Zhao},
  title = {Tool Support for Unit Testing of Aspect-Oriented Software},
  booktitle = {Proc. OOPSLA'2002 Workshop on Tools for Aspect-Oriented Software Development},
  year = {2002},
  month = {Nov.},
}

@INPROCEEDINGS{zhao03:pipa,
  author = {Jianjun Zhao and Martin Rinard},
  title = {Pipa: A Behavioral Interface Specification Language for {A}spect{J}},
  booktitle = {Proc. Fundamental Approaches to Software Engineering},
  year = {2003},
  pages = {150-165},
  month = {April},
}

@ARTICLE{zhu97:software,
  author = {Hong Zhu and Patrick A. V. Hall and John H. R. May},
  title = {Software unit test coverage and adequacy},
  journal = {ACM Comput. Surv.},
  year = {1997},
  volume = {29},
  pages = {366--427},
  number = {4},
}

@INPROCEEDINGS{zimmermann04:mining,
  author = {Thomas Zimmermann and Peter WeiBgerber and Stephan Diehl and Andreas Zeller},
  title = {Mining Version Histories to Guide Software Changes},
  booktitle = {Proc. International Conference on Software Engineering},
  year = {2004},
  location = {Edinburgh, UK},
}

@INPROCEEDINGS{zimmermann01:visualizing,
  author = {Thomas Zimmermann and Andreas Zeller},
  title = {Visualizing Memory Graphs},
  booktitle = {the Dagstuhl Seminar on Software Visualization},
  year = {2001},
  volume = {2269},
  series = {LNCS},
  pages = {191--204},
  publisher = {Springer-Verlag},
}

@INPROCEEDINGS{ziv97:constructing,
  author = {Hadar Ziv and Debra J. Richardson},
  title = {Constructing Bayesian-network models of software testing and maintenance uncertainties},
  booktitle = {Proc. the International Conference on Software Maintenance},
  year = {1997},
  pages = {100--109},
  publisher = {IEEE Computer Society},
  isbn = {0-8186-8013-X},
}

@UNPUBLISHED{AsmL,
  author = {{Foundations of Software Engineering at Microsoft Research}},
  title = {Abstract state machine Language},
  note = {\url{http://research.microsoft.com/fse/AsmL}},
}

@UNPUBLISHED{AsmLT,
  author = {{Foundations of Software Engineering at Microsoft Research}},
  title = {The {AsmL} Test Generator tool},
  note = {\url{http://research.microsoft.com/fse/asml/doc/AsmLTester.html}},
}

@UNPUBLISHED{gnu02:diff,
  author = {{GNU}},
  title = {{GNU} Diffutils},
  note = {\url{http://www.gnu.org/software/diffutils/}},
  year = {2002},
}

@MISC{sun03:java2,
  author = {{S}un {M}icrosystems},
  title = {{J}ava 2 {P}latform, {S}tandard {E}dition, v 1.4.2, {API} {S}pecification},
  howpublished = {Online documentation},
  month = {Nov.},
  year = {2003},
  note = {\url{http://java.sun.com/j2se/1.4.2/docs/api/}},
}

@MISC{abbot04:abbot,
  title = {Abbot 0.13.1},
  year = {2004},
  note = {\url{http://abbot.sourceforge.net/}},
  key = {Abbot},
}

@MISC{agitar04:agitator,
  title = {Agitar AgitarOne},
  year = {2007},
  note = {\url{http://www.agitar.com/solutions/products/agitarone.html}},
  key = {Agitar},
}

@MISC{aspectj04:aspectj,
  title = {{A}spect{J} compiler 1.2},
  month = {May},
  year = {2004},
  note = {\url{http://eclipse.org/aspectj/}},
}

@MISC{dbunit04:dbunit,
  title = {Db{U}nit 2.1},
  year = {2004},
  note = {\url{http://dbunit.sourceforge.net/}},
  key = {DbUnit},
}

@MISC{msvs04:microsoft,
  title = {Microsoft {V}isual {S}tudio {D}eveloper {C}enter},
  year = {2004},
  note = {\url{http://msdn.microsoft.com/vstudio/}},
  key = {Microsoft {V}isual {S}tudio {D}eveloper {C}enter}
}

@MISC{parasoft07:jtest,
   title = {Parasoft {J}test 7.0},
   year = {2007},
   note = {\url{http://www.parasoft.com/jsp/products/home.jsp?product=Jtest}},
   key = {Parasoft},
}

@MISC{hansel03,
  title = {Hansel 1.0},
  year = {2003},
  note = {\url{http://hansel.sourceforge.net/}},
  key = {Hansel 1.0},
  keywords = {testing},
}

@MISC{jcoverage03:jcoverage,
  title = {JCoverage 1.0.5},
  year = {2003},
  note = {\url{http://jcoverage.com/}},
  key = {JCoverage},
}

@MISC{parasoft03:jtest,
  title = {Parasoft {J}test manuals version 4.5},
  howpublished = {Online manual},
  month = {April},
  year = {2003},
  note = {\url{http://www.parasoft.com/}},
  key = {Parasoft},
}

@MISC{quilt03:quilt,
  title = {Quilt 0.6a},
  month = {October},
  year = {2003},
  note = {\url{http://quilt.sourceforge.net/}},
  key = {Quilt},
}

@MISC{robot03:robot,
  title = {{IBM} {R}ational {R}obot v2003},
  year = {2003},
  note = {\url{http://www-306.ibm.com/software/awdtools/tester/robot/}},
  key = {Robot},
}

@TECHREPORT{nist02:economic,
  title = {National {I}nstitute of {S}tandards and {T}echnology. {T}he
     economic impacts of inadequate infrastructure for software testing},
  year = {2002},
  type = {Planning Report},
  number = {02-3},
  month = {May},
  key = {NIST},
}

@MANUAL{sun01:java2,
  title = {{J}ava 2 {P}latform, {S}tandard {E}dition, v1.3.1 {API} {S}pecification},
  organization = {{S}un {M}icrosystems},
  year = {2001},
  note = {\url{http://java.sun.com/j2se/1.3/docs/api/}},
}


@article{hamlet87:probable,
 author = {Richard G. Hamlet},
 title = {Probable correctness theory},
 journal = {Inf. Process. Lett.},
 volume = {25},
 number = {1},
 year = {1987},
 pages = {17--25},
 }

@phdthesis{khurshid03:PhD,
   author = {Sarfraz Khurshid},
   title = {Generating Structurally Complex Tests from Declarative Constraints},
   school = {MIT Department of Electrical Engineering and Computer Science},
   type = {{Ph.D.}},
   address = {Cambridge, MA},
   month = {December},
   year = {2003}
}

@phdthesis{marinov05:PhD,
   author = {Darko Marinov},
   title = {Automatic Testing of Software with Structurally Complex Inputs},
   school = {MIT Department of Electrical Engineering and Computer Science},
   type = {{Ph.D.}},
   address = {Cambridge, MA},
   month = {February},
   year = {2005}
}


@TECHREPORT{marinov03:evaluation,
  author = {Darko Marinov and Alexandr Andoni and Dumitru Daniliuc and Sarfraz Khurshid and Martin Rinard},
  title = {An evaluation of exhaustive testing for data structures},
  institution = {MIT CSAIL},
  month = {September},
  year = {2003},
  type = {Technical Report},
  number = {MIT-LCS-TR-921},
  address = {Cambridge, MA},
}

@INPROCEEDINGS{netisopakul02-1:data,
  author = {Ponrudee Netisopakul and Lee J. White and John Morris and Daniel Hoffman},
  title = {Data coverage testing of programs for container classes},
  booktitle = {Proc. 13th International Symposium on Software Reliability Engineering},
  year = {2002},
  pages = {465--472},
  month = {November},
}

@INPROCEEDINGS{netisopakul02-2:data,
  author = {Ponrudee Netisopakul and Lee J. White and John Morris},
  title = {Data coverage testing},
  booktitle = {Proc. 9th Asia-Pacific Software Engineering Conference},
  year = {2002},
  pages = {465},
  month = {December},
}

@inproceedings{flanagan01:houdini,
 author = {Cormac Flanagan and K. Rustan M. Leino},
 title = {Houdini, an Annotation Assistant for {ESC}/{Java}},
 booktitle = {Proc. International Symposium of Formal Methods Europe},
 year = {2001},
 pages = {500--517},
 address = {London, UK},
 }

@INPROCEEDINGS{cobleigh05:learning,
  author = {Jamieson M. Cobleigh and Dimitra Giannakopoulou and Corina S. Pasareanu},
  title = {Learning Assumptions for Compositional Verification},
  booktitle = {Proc. 9th International Conference on Tools and Algorithms for the Construction and Analysis of Systems},
  year = {2003},
  pages = {331--346},
  month = {April},
  location = {Warsaw, Poland},
}

@inproceedings{giannakopoulou02:assumption,
 author = {Dimitra Giannakopoulou and Corina S. Pasareanu and Howard Barringer},
 title = {Assumption Generation for Software Component Verification},
 booktitle = {Proc. 17th IEEE International Conference on Automated Software Engineering},
 year = {2002},
 pages = {3--12},
 address = {Washington, DC},
 }

@inproceedings{naumovich00:toward,
 author = {Gleb Naumovich and Phyllis G. Frankl},
 title = {Toward Synergy of Finite State Verification and Testing},
 booktitle = {Proc. 1st International Workshop on Automated Program Analysis, Testing and Verification},
 year = {2000},
 month = {June},
 pages = {89--94},
 }

@inproceedings{pettis90:profile,
 author = {Karl Pettis and Robert C. Hansen},
 title = {Profile guided code positioning},
 booktitle = {Proc. ACM SIGPLAN 1990 Conference on Programming Language Design and Implementation},
 year = {1990},
 pages = {16--27},
 location = {White Plains, New York},
 }


@inproceedings{groce02:adaptive,
 author = {Alex Groce and Doron Peled and Mihalis Yannakakis},
 title = {Adaptive Model Checking},
 booktitle = {Proc. International Conference on Tools and Algorithms for the Construction and Analysis of Systems},
 year = {2002},
 month = {April},
 pages = {357--370},
 location = {Grenoble, France},
 }

@inproceedings{peled99:black,
 author = {Doron Peled and Moshe Y. Vardi and Mihalis Yannakakis},
 title = {Black Box Checking},
 booktitle = {Proc. International Conference on Formal Description Techniques (FORTE) for Distributed Systems and Communication Protocols, and Protocol Specification, Testing, and Verification (PSTV)},
 year = {1999},
 month = {October},
 pages = {225--240},
 location = {Beijing, China},
 }


@inproceedings{budd80:theoretical,
 author = {Timothy A. Budd and Richard A. DeMillo and Richard J. Lipton and Frederick G. Sayward},
 title = {Theoretical and empirical studies on using program mutation to test the functional correctness of programs},
 booktitle = {Proc. 7th ACM SIGPLAN-SIGACT Symposium on Principles of Programming Languages},
 year = {1980},
 pages = {220--233},
 location = {Las Vegas, Nevada},
 }

@inproceedings{heimdahl02:deviation,
 author = {Mats P. E. Heimdahl and Yunja Choi and Mike Whalen},
 title = {Deviation Analysis Through Model Checking},
 booktitle = {ASE '02: Proceedings of the 17 th IEEE International Conference on Automated Software Engineering (ASE'02)},
 year = {2002},
 isbn = {0-7695-1736-6},
 pages = {37},
 publisher = {IEEE Computer Society},
 }

@inproceedings{way98:using,
    author = {Tom Way and Lori Pollock},
    title = {Using Path Spectra to Direct Function Cloning},
    booktitle = {Proceedings of the 1998 Workshop on Profile and Feedback-directed Compilation},
    month = {October},
    year = {1998},
    pages = {40--47},
}

@article{621514,
 author = {Thomas Ball and James R. Larus},
 title = {Using Paths to Measure, Explain, and Enhance Program Behavior},
 journal = {Computer},
 volume = {33},
 number = {7},
 year = {2000},
 issn = {0018-9162},
 pages = {57--65},
 doi = {http://dx.doi.org/10.1109/2.869371},
 publisher = {IEEE Computer Society Press},
 }

@inproceedings{381509,
 author = {William Dickinson and David Leon and Andy Podgurski},
 title = {Finding failures by cluster analysis of execution profiles},
 booktitle = {ICSE '01: Proceedings of the 23rd International Conference on Software Engineering},
 year = {2001},
 isbn = {0-7695-1050-7},
 pages = {339--348},
 location = {Toronto, Ontario, Canada},
 publisher = {IEEE Computer Society},
 }

@inproceedings{503243,
 author = {William Dickinson and David Leon and Andy Podgurski},
 title = {Pursuing failure: the distribution of program failures in a profile space},
 booktitle = {ESEC/FSE-9: Proceedings of the 8th European software engineering conference held jointly with 9th ACM SIGSOFT international symposium on Foundations of software engineering},
 year = {2001},
 isbn = {1-58113-390-1},
 pages = {246--255},
 location = {Vienna, Austria},
 doi = {http://doi.acm.org/10.1145/503209.503243},
 publisher = {ACM Press},
 }

@inproceedings{337195,
 author = {David Leon and Andy Podgurski and Lee J. White},
 title = {Multivariate visualization in observation-based testing},
 booktitle = {ICSE '00: Proceedings of the 22nd international conference on Software engineering},
 year = {2000},
 isbn = {1-58113-206-9},
 pages = {116--125},
 location = {Limerick, Ireland},
 doi = {http://doi.acm.org/10.1145/337180.337195},
 publisher = {ACM Press},
 }

@inproceedings{steven00:jrapture,
 author = {John Steven and Pravir Chandra and Bob Fleck and Andy Podgurski},
 title = {jRapture: A Capture/Replay tool for observation-based testing},
 booktitle = {Proc. 2000 ACM SIGSOFT International Symposium on Software Testing and Analysis},
 year = {2000},
 pages = {158--167},
 location = {Portland, Oregon},
 }

@article{mccabe76:complexity,
 author = {Thomas J. McCabe},
 title = {A complexity measure},
 journal = {IEEE Trans. Softw. Eng.},
 volume = {2},
 number = {4},
 year = {1976},
 month={December},
 pages = {308--320},
 }

@inproceedings{leung89:insight,
 author = {H. K. N. Leung and L. White},
 title = {Insights into regression testing},
 booktitle = {Proc. International Conference on Software Maintenance},
 year = {1989},
 pages = {60--69},
}

@inproceedings{leung90:study,
 author = {H. K. N. Leung and L. White},
 title = {A study of integration testing and software regression at the integration level},
 booktitle = {Proc. International Conference on Software Maintenance},
 year = {1990},
 pages = {290--300},
}

@inproceedings{leung92:firewall,
 author = {L. White and H. K. N. Leung},
 title = {A firewall concept for both control-flow and data-flow in regression integration testing},
 booktitle = {Proc. International Conference on Software Maintenance},
 year = {1992},
 pages = {262--271},
}

@inproceedings{winstead03:towards,
 author = {Joel Winstead and David Evans},
 title = {Towards Differential Program Analysis},
 booktitle = {Proc. ICSE 2003 Workshop on Dynamic Analysis},
 year = {2003},
 month = {May},
 pages = {37--40},
 location = {Portland, Oregon},
 }

@inproceedings{chen94:testtube,
 author = {Yih-Farn Chen and David S. Rosenblum and Kiem-Phong Vo},
 title = {TestTube: a system for selective regression testing},
 booktitle = {Proc. 16th International Conference on Software Engineering},
 year = {1994},
 pages = {211--220},
 }

@MISC{wilde03:recon,
  author =       "Norman Wilde",
  title =        "The RECON Software Reconnaissance tool",
  year =         "2003",
  month =        "Feburary",
  note = {\url{http://www.cs.uwf.edu/~recon/}},
  source =       "http://www.cs.uwf.edu/~recon/",
}

@article{wilde95:software,
 author = {Norman Wilde and Michael C. Scully},
 title = {Software reconnaissance: mapping program features to code},
 journal = {Journal of Software Maintenance},
 volume = {7},
 number = {1},
 year = {1995},
 pages = {49--62},
 publisher = {John Wiley \& Sons, Inc.},
 }

@inproceedings{perkins04:efficient,
 author = {Jeff H. Perkins and Michael D. Ernst},
 title = {Efficient incremental algorithms for dynamic detection of likely invariants},
 booktitle = {Proc. 12th ACM SIGSOFT 12th International Symposium on Foundations of Software Engineering},
 year = {2004},
 pages = {23--32},
 location = {Newport Beach, CA},
 }

@misc{daikon04:daikon,
  key = {Daikon},
  title = {Publications using the {D}aikon invariant detector tool},
  note = {\url{http://www.pag.csail.mit.edu/daikon/pubs-using/}},
  year = {2004},
}

@TECHREPORT{leino00:escjava,
  AUTHOR =       "K. Rustan M. Leino and Greg Nelson and James B. Saxe",
  TITLE =        "{ESC}/{J}ava user's manual",
  INSTITUTION =  "Compaq Systems Research Center",
  YEAR =         "2000",
  type =         "Technical Report",
  number =       "2000-002",
  address =      "Palo Alto, CA",
  month =        "October",
}

@TECHREPORT{nimmer02:automatic,
  AUTHOR =       "Jeremy W. Nimmer",
  TITLE =        "Automatic Generation and Checking of Program Specifications",
  INSTITUTION =  "MIT Laboratory for Computer Science",
  YEAR =         "2002",
  type =         "Technical Report",
  number =       "852",
  address =      "Cambridge, MA",
  month =        "June",
}

@article{rothermel01:test,
 author = {Gregg Rothermel and Roland Untch and Chengyun Chu and Mary Jean Harrold},
 title = {Prioritizing Test Cases For Regression Testing},
 journal = {IEEE Trans. Softw. Eng.},
 volume = {27},
 number = {10},
 year = {2001},
 pages = {929--948},
 }

@inproceedings{amla92:using,
 author = {Nina Amla and Paul Ammann},
 title = {Using {Z} specifications in category partition testing},
 booktitle = {Proc. 7th Annual Conference on Computer Assurance},
 month = {June},
 year = {1992},
 pages = {3--10},
 location = {Gaithersburg, MD},
}

@inproceedings{ammann94:using,
 author = {Paul Ammann and Jeff Offutt},
 title = {Using Formal Methods To Derive Test Frames in Category-Partition Testing },
 booktitle = {Proc. 9th Annual Conference on Computer Assurance},
 month = {June},
 year = {1994},
 pages = {69--80},
 location = {Gaithersburg, MD},
}

@book{hetzel84:complete,
 author = {Bill Hetzel},
 title = {The complete guide to software testing (2nd ed.)},
 year = {1984},
 publisher = {Collins},
}


@inproceedings{jackson01:micromodularity,
 author = {Daniel Jackson and Ilya Shlyakhter and Manu Sridharan},
 title = {A micromodularity mechanism},
 booktitle = {Proc. 8th ESEC/FSE},
 year = {2001},
 pages = {62--73},
 location = {Vienna, Austria},
 }

@inproceedings{jackson00:alcoa,
 author = {Daniel Jackson and Ian Schechter and Hya Shlyahter},
 title = {Alcoa: the alloy constraint analyzer},
 booktitle = {Proc. 22nd International Conference on Software Engineering},
 year = {2000},
 pages = {730--733},
 location = {Limerick, Ireland},
 }


@book{gries87:science,
 author = {David Gries},
 title = {The Science of Programming},
 year = {1987},
 publisher = {Springer-Verlag},
 address = {Secaucus, NJ, USA},
 }

@inproceedings{holzmann97:state,
   author = {Gerard Holzmann},
   title = {State Compression in {Spin}},
   year = {1997},
   booktitle = {Proc. 3rd Spin Workshop},
   month = {April},
   address = {Twente University, The Netherlands},
}

@inproceedings{lerda01:addressing,
   author = {Flavio Lerda and Willem Visser},
   title = {Addressing Dynamic Issues of Program Model Checking},
   year = {2001},
   booktitle = {Proc. 2001 Spin Workshop},
   month = {May},
}

@inproceedings{deline01:enforcing,
 author = {Robert DeLine and Manuel Fahndrich},
 title = {Enforcing high-level protocols in low-level software},
 booktitle = {Proc. ACM SIGPLAN 2001 Conference on Programming Language Design and Implementation},
 year = {2001},
 pages = {59--69},
 location = {Snowbird, Utah},
 }

@inproceedings{das02:esp,
 author = {Manuvir Das and Sorin Lerner and Mark Seigle},
 title = {{ESP}: path-sensitive program verification in polynomial time},
 booktitle = {Proc. ACM SIGPLAN 2002 Conference on Programming Language Design and Implementation},
 year = {2002},
 pages = {57--68},
 location = {Berlin, Germany},
 }

@inproceedings{butkevich00:compiler,
 author = {Sergey Butkevich and Marco Renedo and Gerald Baumgartner and Michal Young},
 title = {Compiler and tool support for debugging object protocols},
 booktitle = {Proc. 8th ACM SIGSOFT International Symposium on Foundations of Software Engineering},
 year = {2000},
 pages = {50--59},
 location = {San Diego, California},
 }

@article{chays04:agenda,
  author    = {David Chays and
               Yuetang Deng and
               Phyllis G. Frankl and
               Saikat Dan and
               Filippos I. Vokolos and
               Elaine J. Weyuker},
  title     = {An {AGENDA} for testing relational database applications},
  journal   = {Softw. Test., Verif. Reliab.},
  volume    = {14},
  number    = {1},
  year      = {2004},
  pages     = {17-44},
}

@inproceedings{memon99:using,
 author = {Atif M. Memon and Martha E. Pollack and Mary Lou Soffa},
 title = {Using a goal-driven approach to generate test cases for GUIs},
 booktitle = {Proc. 21st International Conference on Software Engineering},
 year = {1999},
 pages = {257--266},
 location = {Los Angeles, California},
 }

@inproceedings{dalal99:model,
 author = {S. R. Dalal and A. Jain and N. Karunanithi and J. M. Leaton and C. M. Lott and G. C. Patton and B. M. Horowitz},
 title = {Model-based testing in practice},
 booktitle = {Proc. 21st International Conference on Software Engineering},
 year = {1999},
 pages = {285--294},
 location = {Los Angeles, California},
}

@inproceedings{bershad99:using,
 author = {Emin Gun Sirer and Brian N. Bershad},
 title = {Using production grammars in software testing},
 booktitle = {Proc. 2nd Conference on Domain-Specific Languages},
 year = {1999},
 pages = {1--13},
 location = {Austin, Texas},
 }


@inproceedings{godefroid02:exploring,
 author = {Patrice Godefroid and Sarfraz Khurshid},
 title = {Exploring Very Large State Spaces Using Genetic Algorithms},
 booktitle = {Proc. 8th International Conference on Tools and Algorithms for the Construction and Analysis of Systems},
 year = {2002},
 pages = {266--280},
 address = {London, UK},
 }

@inproceedings{groce02:model,
 author = {Alex Groce and Willem Visser},
 title = {Model checking {J}ava programs using structural heuristics},
 booktitle = {Proc. 2002 ACM SIGSOFT International Symposium on Software Testing and Analysis},
 year = {2002},
 pages = {12--21},
 location = {Roma, Italy},
}

@inproceedings{tan04:heuristic,
 author = {Jianbin Tan and George S. Avrunin and Lori A. Clarke and Shlomo Zilberstein and Stefan Leue},
 title = {Heuristic-guided counterexample search in {FLAVERS}},
 booktitle = {Proc. 12th ACM SIGSOFT International Symposium on Foundations of Software Engineering},
 year = {2004},
 pages = {201--210},
 location = {Newport Beach, CA, USA},
 }

@inproceedings{memon04:skoll,
 author = {Atif M. Memon and Adam Porter and Cemal Yilmaz and Adithya Nagarajan and Douglas C. Schmidt and Bala Natarajan},
 title = {Skoll: Distributed Continuous Quality Assurance},
 booktitle = {Proc. 26th International Conference on Software Engineering},
 year = {2004},
 pages = {459--468},
}

@book{russell95:artificial,
 author = {Stuart Russell and Peter Norvig},
 title = {Artificial Intelligence: A Modern Approach},
 year = {1995},
 publisher = {Prentice-Hall},
 address = {Englewood Cliffs, NJ},
 }

@inproceedings{geppert04:towards,
  author    = {Birgit Geppert and
               Jenny Li and
               Frank R{\"o}{\ss}ler and
               David M. Weiss},
  title     = {Towards Generating Acceptance Tests for Product Lines},
  booktitle = {Proc. International Conference on Software Reuse},
  year      = {2004},
  pages     = {35-48},
  location  = {Madrid, Spain},
  month       = {July},
}

@book{weiss99:software,
 author = {David M/ Weiss and Robert C.T. Lai},
 title = {Software Product-Line Engineering - A Family-Based Software Development Process},
 year = {1999},
 publisher = {Addison Wesley},
 }

@inproceedings{muccini04:towards,
  author    = {Henry Muccini and Andr\&\#233; van der Hoek },
  title     = {Towards Testing Product Line Architectures},
  booktitle = {Proc. International Workshop on Testing and Analysis of Component Based Systems},
  year      = {2003},
  location  = {Warsaw, Poland},
  month       = {April},
}

. . Technical Report , , ,  2001.


@TECHREPORT{mcgregor01:testing,
  author = {John D. McGregor},
  title = {Testing a software product line},
  institution = {Software Engineering Institute, Carnegie Mellon University},
  year = {2001},
  month = {December},
  type = {Technical Report},
  number = {CMU/SEI-2001-TR-022},
  address = {Fort Collins, Colorado},
}

@article{binder94:object,
 author = {Robert V. Binder},
 title = {Object-oriented software testing},
 journal = {Commun. ACM},
 volume = {37},
 number = {9},
 year = {1994},
 pages = {28--29},
 }

@inproceedings{young03:symbiosis,
  author    = {Michal Young},
  title     = {Symbiosis of static analysis and program testing},
  booktitle = {Proc. 6th International Conference on Fundamental Approaches to Software Engineering},
  year      = {2003},
  month = {April},
  pages     = {1--5},
}

@inproceedings{ernst03:static,
   author = {Michael D. Ernst},
   title = {Static and dynamic analysis: Synergy and duality},
   booktitle = {Proc. ICSE Workshop on Dynamic Analysis},
   pages = {24--27},
   month = {May},
   year = {2003},
}

@inproceedings{csallner05:check,
   author = {Christoph Csallner and Yannis Smaragdakis},
   title = {{Check} 'n' {Crash}: Combining static checking and testing},
   booktitle = {Proc. 27th International Conference on Software Engineering},
   pages = {422--431},
   month = {May},
   year = {2005},
}

@InProceedings{orso05:selective,
  author =   {Alessandro Orso and Bryan Kennedy},
  title =    {Selective Capture and Replay of Program Executions},
  booktitle =    {Proc. 3rd International ICSE Workshop on Dynamic Analysis},
  month =    {May},
  year =     {2005},
  pages = {29--35},
}

@inproceedings{paradkar04:plannable,
  author    = {Amit M. Paradkar},
  title     = {Plannable Test Selection Criteria for {FSMs} Extracted From
               Operational Specifications.},
  booktitle = {Proc. 15th International Symposium on Software Reliability Engineering},
  year      = {2004},
  month     = {November},
  pages     = {173-184},
  location  = {Saint-Malo, France},
}

@INPROCEEDINGS{tillmann05:parameterized,
  author = {Nikolai Tillmann and Wolfram Schulte},
  title = {Parameterized Unit Tests},
  booktitle = {Proc. 10th ESEC/FSE},
  year = {2005},
  location = {Lisbon, Portugal},
}

@ARTICLE{potter04:software,
  author = {Bruce Potter and Gary McGraw},
  title = {Software Security Testing},
  journal = {IEEE Security and Privacy},
  year = {2004},
  volume = {2},
  pages = {81--85},
  number = {5},
}

@article{weyuker00:experience,
 author = {Elaine J. Weyuker and Filippos I. Vokolos},
 title = {Experience with Performance Testing of Software Systems: Issues, an Approach, and Case Study},
 journal = {IEEE Trans. Softw. Eng.},
 volume = {26},
 number = {12},
 year = {2000},
 pages = {1147--1156},
 }

@inproceedings{vokolos98:performance,
 author = {Filippos I. Vokolos and Elaine J. Weyuker},
 title = {Performance testing of software systems},
 booktitle = {Proc. 1st International Workshop on Software and Performance},
 year = {1998},
 pages = {80--87},
 location = {Santa Fe, New Mexico},
 }

@InProceedings{halfond05:combining,
  author =   {William G.J. Halfond and Alessandro Orso},
  title =    {{Combining Static Analysis and Runtime Monitoring to Counter SQL-Injection Attacks}},
  booktitle =    {Proc. 3rd International ICSE Workshop on Dynamic Analysis},
  address =      {St. Louis, MO},
  month =    {May},
  year =     {2005},
  note =     {\url{http://www.csd.uwo.ca/woda2005/proceedings.html}},
}

@inproceedings{huang03:web,
 author = {Yao-Wen Huang and Shih-Kun Huang and Tsung-Po Lin and Chung-Hung Tsai},
 title = {Web application security assessment by fault injection and behavior monitoring},
 booktitle = {Proc. 12th International Conference on World Wide Web},
 year = {2003},
 pages = {148--159},
 location = {Budapest, Hungary},
 }

@inproceedings{huang04:securing,
 author = {Yao-Wen Huang and Fang Yu and Christian Hang and Chung-Hung Tsai and Der-Tsai Lee and Sy-Yen Kuo},
 title = {Securing web application code by static analysis and runtime protection},
 booktitle = {Proc. 13th International Conference on World Wide Web},
 year = {2004},
 pages = {40--52},
 location = {New York, NY},
 }

@article{avritzer96:deriving,
 author = {Alberto Avritzer and Elaine J. Weyuker},
 title = {Deriving workloads for performance testing},
 journal = {Softw. Pract. Exper.},
 volume = {26},
 number = {6},
 year = {1996},
 pages = {613--633},
 }

@inproceedings{kapfhammer03:family,
 author = {Gregory M. Kapfhammer and Mary Lou Soffa},
 title = {A family of test adequacy criteria for database-driven applications},
 booktitle = {Proc. 9th European Software Engineering Conference held jointly with 11th ACM SIGSOFT International Symposium on Foundations of Software Engineering},
 year = {2003},
 pages = {98--107},
 location = {Helsinki, Finland},
 }

@inproceedings{chays00:framework,
 author = {David Chays and Saikat Dan and Phyllis G. Frankl and Filippos I. Vokolos and Elaine J. Weber},
 title = {A framework for testing database applications},
 booktitle = {Proc. ACM SIGSOFT International Symposium on Software Testing and Analysis},
 year = {2000},
 pages = {147--157},
 location = {Portland, Oregon},
 }


@BOOK{hoglund04:exploiting,
  author = {Greg Hoglund and Gary McGraw},
  title = {Exploiting Software},
  publisher = {Addison-Wesley},
  year = {2004},
}


@BOOK{whittaker03:how,
  author = {James A. Whittaker and Herbert H. Thompson},
  title = {How to Break Software Security},
  publisher = {Addison-Wesley},
  year = {2003},
}

@mastersthesis{zaytsev04:combinatorial,
    author = {Vadim V.~Zaytsev},
    title = {Combinatorial Test Set Generation: Concepts, Implementation, Case Study},
    school = {Universiteit Twente},
    year = {2004},
    address = {Enschede, The Netherlands},
    month = {June},
}

@inproceedings{gargantini99:using,
 author = {Angelo Gargantini and Constance Heitmeyer},
 title = {Using model checking to generate tests from requirements specifications},
 booktitle = {Proc. 7th European Software Engineering Conference held jointly with the 7th ACM SIGSOFT International Symposium on Foundations of Software Engineering},
 year = {1999},
 pages = {146--162},
 location = {Toulouse, France},
}


@article{weyuker94:automatically,
 author = {Elaine Weyuker and Tarak Goradia and Ashutosh Singh},
 title = {Automatically Generating Test Data from a Boolean Specification},
 journal = {IEEE Trans. Softw. Eng.},
 volume = {20},
 number = {5},
 year = {1994},
 pages = {353--363},
 }


@inproceedings{ammann98:using,
 author = {Paul E. Ammann and Paul E. Black and William Majurski},
 title = {Using Model Checking to Generate Tests from Specifications},
 booktitle = {Proc. 2rd IEEE International Conference on Formal Engineering Methods},
 year = {1998},
 pages = {46},
 }


@inproceedings{engels97:test,
 author = {Andre Engels and Loe M. G. Feijs and Sjouke Mauw},
 title = {Test Generation for Intelligent Networks Using Model Checking},
 booktitle = {Proc. 3rd International Workshop on Tools and Algorithms for Construction and Analysis of Systems},
 year = {1997},
 pages = {384--398},
}

@INPROCEEDINGS{woit93:specifying,
 author = {Denise M. Woit},
 title = {Specifying operational profiles for modules},
   booktitle = {Proc. International Symposium on Software Testing and Analysis},
  year = {1993},
  pages = {2--10},
  location = {Cambridge, Massachusetts},
}

@phdthesis{woit94:operational,
 author = {Denise M. Woit},
 title = {Operational profile specification, test case generation, and reliability estimation for modules},
 school = {Queen's University School of Computing},
 year = {1994},
  type = {{Ph.D.}},
  address = {Kingston, Ontario, Canada},
  month = {February},
}

@inproceedings{orso02:gamma,
  author =   {Alessandro Orso and Donglin Liang and Mary Jean Harrold and Richard Lipton},
  title =    {Gamma System: Continuous Evolution of Software after Deployment},
  booktitle =    {Proc. ACM SIGSOFT International Symposium on Software Testing and Analysis},
  pages =    {65--69},
  address =      {Rome, Italy},
  month =    {July},
  year =     {2002},
}

@inproceedings{orso03:leveraging,
  author =       {Alessandro Orso and Taweesup Apiwattanapong and Mary Jean Harrold},
  title =        {Leveraging field data for impact analysis and regression testing},
  booktitle =    {Proc. 9th European Software Engineering
  Conference and 10th ACM SIGSOFT Symposium on the Foundations
  of Software Engineering},
  pages =        {128--137},
  address =      {Helsinki, Finland},
  month =        {September},
  year =         {2003},
}

@inproceedings{carver04:general,
  author    = {Richard H. Carver and
               Yu Lei},
  title     = {A General Model for Reachability Testing of Concurrent Programs.},
  booktitle = {Proc. 6th International Conference on Formal Engineering Methods},
  month = {November},
  location = {Seattle, WA},
  year      = {2004},
  pages     = {76-98},
}


@INPROCEEDINGS{goldsmith04:light,
  author = {Simon Goldsmith and Robert O'Callahan and Alex Aiken},
  title = {Relational Queries Over Program Traces},
  booktitle = {Proc. ACM SIGPLAN Conference on
     Object-Oriented Programming, Systems, Languages, and Applications},
  month = {October},
  year = {2005},
  location = {San Diego, California},
}

@inproceedings{catano03:chase,
 author = {N{\'e}stor Cata{\~n}o and Marieke Huisman},
 title = {{CHASE}: A Static Checker for {JML}'s Assignable Clause},
 booktitle = {Proc. 4th International Conference on Verification, Model Checking, and Abstract Interpretation},
 year = {2003},
 pages = {26--40},
}

@inproceedings{ma02:interclass,
 author = {Yu-Seung Ma and Yong-Rae Kwon and Jeff Offutt},
 title = {Inter-Class Mutation Operators for {Java}},
 booktitle = {Proc. International Symposium on Software Reliability Engineering},
 year = {2002},
 pages = {352--363},
 location = {Annapolis, Maryland},
 }

@inproceedings{ryder01:change,
 author = {Barbara G. Ryder and Frank Tip},
 title = {Change impact analysis for object-oriented programs},
 booktitle = {Proc. ACM SIGPLAN-SIGSOFT Workshop on Program Analysis for Software Tools and Engineering},
 year = {2001},
 pages = {46--53},
 location = {Snowbird, Utah},
}


@BOOK{heineman00:component,
  title = {Component Based Software Engineering: Putting the Pieces Together},
  publisher = {Addison-Wesley},
  year = {2001},
  author = {George T. Heineman and William T. Councill},
}

@BOOK{alonso02:web,
  title = {Web Services Concepts, Architectures and Applications Series: Data-Centric Systems and Applications},
  publisher = {Addison-Wesley Professional,},
  year = {2002},
  author = {G. Alonso and F. Casati and H. Kuno and V. Machiraju.},
}

@TechReport{detlefs03:simplify,
  AUTHOR =       "David Detlefs and Greg Nelson and James B. Saxe",
  TITLE =        "Simplify: a theorem prover for program checking",
  institution =  {HP Laboratories},
  YEAR =         {2003},
  month =        {July},
  number =       {HPL-2003-148},
  address =      {Palo Alto, CA}
}

@inproceedings{godefroid05:dart,
 author = {Patrice Godefroid and Nils Klarlund and Koushik Sen},
 title = {{DART}: Directed Automated Random Testing},
 booktitle = {Proc. ACM SIGPLAN 2005 Conference on Programming Language Design and Implementation},
 year = {2005},
 location = {Chicago, Illinois},
}

@article{morell90:theory,
 author = {L. J. Morell},
 title = {A Theory of Fault-Based Testing},
 journal = {IEEE Trans. Softw. Eng.},
 volume = {16},
 number = {8},
 year = {1990},
 issn = {0098-5589},
 pages = {844--857},
 }

@inproceedings{calder97:value,
 author = {Brad Calder and Peter Feller and Alan Eustace},
 title = {Value profiling},
 booktitle = {Proc. 30th ACM/IEEE International Symposium on Microarchitecture},
 year = {1997},
 pages = {259--269},
 location = {North Carolina},
 }

 @article{demillo78:hints,
 author = {Richard A. DeMillo and Richard J. Lipton and Frederick G. Sayward},
 title = {Hints on Test Data Selection: Help for the Practicing Programmer},
 journal = {IEEE Computer},
 volume = {11},
 number = {4},
 year = {1978},
 month = {April},
 pages = {34--41},
 }


@inproceedings{peters94:generating,
    author = "Dennis Peters and David L. Parnas",
    title = "Generating a Test Oracle from Program Documentation",
    booktitle = "Proc. 1994 Internation Symposium on Software Testing and Analysis",
    pages = "58--65",
    year = "1994",
}

@inproceedings{richardson92:specification,
 author = {Debra J. Richardson and Stephanie Leif Aha and T. Owen O'Malley},
 title = {Specification-based test oracles for reactive systems},
 booktitle = {Proc. 14th International Conference on Software Engineering},
 year = {1992},
 pages = {105--118},
 location = {Melbourne, Australia},
 }

@inproceedings{dillon96:generating,
 author = {L. K. Dillon and Y. S. Ramakrishna},
 title = {Generating oracles from your favorite temporal logic specifications},
 booktitle = {Proc. 4th ACM SIGSOFT Symposium on Foundations of Software Engineering},
 year = {1996},
 pages = {106--117},
 location = {San Francisco, California, United States},
 }

@inproceedings{richardson94:taos,
 author = {Debra J. Richardson},
 title = {{TAOS}: Testing with Analysis and Oracle Support},
 booktitle = {Proc. 1994 ACM SIGSOFT International Symposium on Software Testing and Analysis},
 year = {1994},
 pages = {138--153},
 location = {Seattle, Washington},
 }

@inproceedings{saff05:automatic,
   author = {David Saff and Shay Artzi and Jeff H. Perkins and Michael D. Ernst},
   title = {Automatic test factoring for {Java}},
   booktitle = {Proc. 21st IEEE International Conference on Automated Software Engineering},
   month = {November},
   year = {2005},
   pages = {114--123},
}

@InProceedings{orso05:selective,
  author =   {Alessandro Orso and Bryan Kennedy},
  title =    {{Selective Capture and Replay of Program Executions}},
  booktitle =    {Proc. 3rd International ICSE Workshop on Dynamic Analysis},
  pages =        {29--35},
  address =      {St. Louis, MO},
  month =    {May},
  year =     {2005},
  OPTnote =      {\url{http://www.csd.uwo.ca/woda2005/proceedings.html}},
}

@TECHREPORT{baresi01:test,
  AUTHOR =       "L. Baresi and M. Young",
  TITLE =        "Test oracles",
  INSTITUTION =  "University of Oregon Department of Computer and Information Science ",
  YEAR =         "2001",
  type =         "Technical Report",
  number =       "CIS-TR01-02",
}

@inproceedings{csallner05:check,
   author = {Christoph Csallner and Yannis Smaragdakis},
   title = {{Check} 'n' {Crash}: Combining static checking and testing},
   booktitle = {Proc. 27th International Conference on Software Engineering},
   pages = {422--431},
   month = {May},
   year = {2005},
}

@book{arnold96:software,
 author = {Robert S. Arnold},
 title = {Software Change Impact Analysis},
 year = {1996},
 publisher = {IEEE Computer Society Press},
 address = {Los Alamitos, CA, USA},
 }

@inproceedings{salcianu05:purity,
   author = {Alexandru Salcianu and Martin Rinard},
   title = {Purity and Side Effect Analysis for {Java} Programs.},
   booktitle = {Proc. 6th International Conference on Verification, Model Checking and Abstract Interpretation},
   month = {January},
   year = {2005},
   address = {Paris, France},
   pages = {199--215},
}

@inproceedings{tonella04:evolutionary,
 author = {Paolo Tonella},
 title = {Evolutionary testing of classes},
 booktitle = {Proc 2004 ACM SIGSOFT International Symposium on Software Testing and Analysis},
 year = {2004},
 pages = {119--128},
 location = {Boston, Massachusetts},
 }

@misc{commons05,
  key = {Apache},
  title = {{The Jakarta Commons Subproject}},
  note = {\url{http://jakarta.apache.org/commons/lang/apidocs/org/apache/commons/lang/builder/EqualsBuilder.html}},
  keywords = {testing},
  year = {2005},
}

@inproceedings{andrews05:mutantion,
 author = {J. H. Andrews and L. C. Briand and Y. Labiche},
 title = {Is mutation an appropriate tool for testing experiments?},
 booktitle = {Proc. 27th International Conference on Software Engineering},
 year = {2005},
 pages = {402--411},
 location = {St. Louis, MO},
}

@inproceedings{ren04:chianti,
 author = {Xiaoxia Ren and Fenil Shah and Frank Tip and Barbara G. Ryder and Ophelia Chesley},
 title = {Chianti: a tool for change impact analysis of {J}ava programs},
 booktitle = {Proc. 19th Annual ACM SIGPLAN Conference on Object-Oriented Programming, Systems, Languages, and Applications},
 year = {2004},
 pages = {432--448},
 location = {Vancouver, BC, Canada},
 }

@inproceedings{memon00:autoamted,
 author = {Atif M. Memon and Martha E. Pollack and Mary Lou Soffa},
 title = {Automated test oracles for {GUIs}},
 booktitle = {Proc. 8th ACM SIGSOFT International Symposium on Foundations of Software Engineering},
 year = {2000},
 pages = {30--39},
 location = {San Diego, California},
 }

@inproceedings{memon03:regression,
 author = {Atif M. Memon and Mary Lou Soffa},
 title = {Regression testing of {GUIs}},
 booktitle = {Proc. 9th European Software Engineering Conference held jointly with 11th ACM SIGSOFT International Symposium on Foundations of Software Engineering},
 year = {2003},
 pages = {118--127},
 location = {Helsinki, Finland},
 }

@inproceedings{Do04:empirical,
  author    = {Hyunsook Do and Gregg Rothermel and Alex Kinneer},
  title     = {Empirical Studies of Test Case Prioritization in a {JUnit}
               Testing Environment.},
  booktitle = {Proc. 15th International Symposium on Software Reliability Engineering},
  year      = {2004},
  pages     = {113-124},
}

@inproceedings{harrold01:regression,
 author = {Mary Jean Harrold and James A. Jones and Tongyu Li and Donglin Liang and Alessandro Orso and Maikel Pennings and Saurabh Sinha and S. Alexander Spoon and Ashish Gujarathi},
 title = {Regression test selection for {Java} software},
 booktitle = {Proc. 16th ACM SIGPLAN Conference on Object Oriented Programming, Systems, Languages, and Applications},
 year = {2001},
 pages = {312--326},
 location = {Tampa Bay, FL},
 }

@inproceedings{hartmann00:uml,
 author = {Jean Hartmann and Claudio Imoberdorf and Michael Meisinger},
 title = {UML-Based integration testing},
 booktitle = {Proc. ACM SIGSOFT International Symposium on Software Testing and Analysis},
 year = {2000},
 pages = {60--70},
 location = {Portland, Oregon},
}

@inproceedings{hanh01:selecting,
  author    = {Vu Le Hanh and
               Kamel Akif and
               Yves Le Traon and
               Jean-Marc J{\'e}z{\'e}quel},
  title     = {Selecting an Efficient OO Integration Testing Strategy:
               An Experimental Comparison of Actual Strategies.},
  booktitle = {Proc. of 15th European Conference Object-Oriented Programming},
  year      = {2001},
  month     = {June},
  pages     = {381-401},
  location  = {Budapest, Hungary},
}

@phdthesis       {orso99:integration,
  author =       {Alessandro Orso},
  title =        {Integration Testing of Object-Oriented Software },
  school =       {Politecnico di Milano},
  address =      {Milan, Italy},
  month =        {february},
  year =         {1999},
}

@article{jorgensen94:object,
 author = {Paul C. Jorgensen and Carl Erickson},
 title = {Object-oriented integration testing},
 journal = {Commun. ACM},
 volume = {37},
 number = {9},
 year = {1994},
 pages = {30--38},
}

@inproceedings{labiche00:testing,
 author = {Y. Labiche and P. Th\&\#233;venod-Fosse and H. Waeselynck and M.-H. Durand},
 title = {Testing levels for object-oriented software},
 booktitle = {Proc. 22nd International Conference on Software Engineering},
 year = {2000},
 pages = {136--145},
 location = {Limerick, Ireland},
 }



@ARTICLE{mcKeeman98:differential,
    author = {William M. McKeeman},
    title = {Differential testing for software},
    journal = {Digital Technical Journal of Digital Equipment Corporation},
    year = {1998},
    volume = {10},
    number = {1},
    pages = {100--107},
}

@inproceedings{lammel06:controllable,
 author    = "Ralf L{\"a}mmel and Wolfram Schulte",
 title     = "{Controllable combinatorial coverage in grammar-based testing}",
 booktitle = "{Proc. 18th IFIP International Conference on Testing Communicating Systems}",
 year      = {2006},
 pages = {19--38},
}


@UNPUBLISHED{clark00:junit,
  author = {Mike Clark},
  title = {JUnit Primer},
  note = {Draft manuscript},
  month = {October},
  year = {2000},
  url = {http://compilers.cs.ucla.edu/jtb/},
}

@MISC{jtb05:jtb,
   title = {{JTB}: Java Tree Builder},
   year = {2005},
   note = {\url{http://compilers.cs.ucla.edu/jtb/}},
}


@INPROCEEDINGS{dig06:autoamted,
    author = {Danny Dig and Can Comertoglu and Darko Marinov and Ralph Johnson},
    title = {Automated Detection of Refactorings in Evolving Components},
    booktitle = {Proc. 20th European Conference on Object-Oriented Programming},
    month = {July},
    year = {2006},
}

@inproceedings{henkel05:catchup,
  author    = {Johannes Henkel and Amer Diwan},
  title     = {CatchUp!: capturing and replaying refactorings to support API evolution},
  booktitle = {Proc. 27th International Conference on Software Engineering},
  year      = {2005},
  pages     = {274-283},
}

@inproceedings{elbaum06:dut,
  author    = {Sebastian Elbaum and Hui Nee Chin and Matthew Dwyer and Jonathan Dokulil},
  title     = {Carving differential unit test cases from system test cases},
  booktitle = {Proc. 14th ACM SIGSOFT International Symposium on Foundations of Software Engineering},
  year      = {2006},
  pages     = {253-264},
}

@inproceedings{groce07:randomized,
  author    = {Alex Groce and Gerard Holzmann and Rajeev Joshi},
  title     = {Randomized Differential Testing as a Prelude to Formal Verification},
  booktitle = {Proc. 29th International Conference on Software Engineering},
  year      = {2007},
}


@inproceedings{visser06:test,
 author = {Willem Visser and Corina S. Pasareanu and Radek Pel\&\#225;nek},
 title = {Test input generation for {Java} containers using state matching},
 booktitle = {Proc. 2006 International Symposium on Software Testing and Analysis},
 year = {2006},
 pages = {37--48},
 }



@misc{nanoxml,
key = {nanoxml},
author = {{Marc De Scheemaecker}},
title = {\textsc{NanoXML}: a small XML parser for {J}ava},
howpublished = {\url{http://nanoxml.n3.net}},
year = {2002}
}

@misc{jaba,
key = {jaba},
author = {{Aristotle Research Group -- College of Computing, Georgia Institute o
f Technology}},
title = {\textsc{Jaba}: {J}ava {A}rchitecture for {B}ytecode {A}nalysis},
howpublished = {\url{http://www.cc.gatech.edu/aristotle/Tools/jaba.html}},year = {2001},
}

@misc{jboss,
key = {jboss},
author = {{Jboss Group}},
title = {\textsc{JBoss}: J2EE web application server},
howpublished = {\url{http://www.jboss.org}},
year = {2002},
}

@phdthesis{daikon,
   author = {Michael D. Ernst},
   title = {Dynamically Discovering Likely Program Invariants},
   school = {University of Washington Department of Computer Science and
    Engineering},
   type = {{Ph.D.}},
   address = {Seattle, Washington},
   month = aug,
   year = {2000}
}

@misc{junit,
key = {junit},
author = {Erich Gamma and Kent Beck},
title = {\textsc{JUnit}: a regression testing framework},
howpublished = {\url{http://www.junit.org}},
year = {2002},
}



@inproceedings{andrews05may,
author = {J. H. Andrews and L. C. Briand and Y. Labiche},
title = {Is mutation an appropriate tool for testing experiments?},
booktitle = {Proceedings of the 27th International Conference on Software Engineering},
month = {May},
year = {2005},
pages = {402-411},
}


@article{ma05:mujava,
 author = {Yu-Seung Ma and Jeff Offutt and Yong Rae Kwon},
 title = {MuJava: an automated class mutation system: Research Articles},
 journal = {Softw. Test. Verif. Reliab.},
 volume = {15},
 number = {2},
 year = {2005},
 pages = {97--133},
 }


@inproceedings{anand06:symbolic,
  author    = {Saswat Anand and
               Corina S. Pasareanu and
               Willem Visser},
  title     = {Symbolic Execution with Abstract Subsumption Checking},
  booktitle = {Proc. 13th International SPIN Workshop on Model Checking Software},
  year      = {2006},
  pages     = {163-181},
}


@inproceedings{pacheco07:feedback,
   author = {Carlos Pacheco and Shuvendu K. Lahiri and Michael D. Ernst
    and Thomas Ball},
   title = {Feedback-directed random test generation},
   booktitle = {Proc. 29th International Conference on Software Engineering},
   address = {Minneapolis, MN, USA},
   month = {May~23--25,},
   year = {2007}
}


@MISC{msr07:pex,
  title = {{Microsoft Research, Pex: Dynamic Analysis and Test Generation for .NET}},
  year = {2008},
  note = {\url{http://research.microsoft.com/Pex/}},
}


@article{tillmann06:unit,
 author = {Nikolai Tillmann and Wolfram Schulte},
 title = {Unit Tests Reloaded: Parameterized Unit Testing with Symbolic Execution},
 journal = {IEEE Softw.},
 volume = {23},
 number = {4},
 year = {2006},
 pages = {38--47},
}

@INPROCEEDINGS{engler07:under,
  author = {Dawson Engler and Daniel Dunbar},
  title = {Under-constrained execution: making automatic code destruction easy and scalable},
  booktitle = {Proc. International Symposium on Software Testing and Analysis},
  year = {2007},
  pages = {1--4},
}


@article{ferguson96:chaining,
 author = {Roger Ferguson and Bogdan Korel},
 title = {The chaining approach for software test data generation},
 journal = {ACM Trans. Softw. Eng. Methodol.},
 volume = {5},
 number = {1},
 year = {1996},
 pages = {63--86},
 }


@article{li06:code,
  author    = {J. Jenny Li and
               David Weiss and
               Howell Yee},
  title     = {Code-coverage guided prioritized test generation.},
  journal   = {Information {\&} Software Technology},
  volume    = {48},
  number    = {12},
  year      = {2006},
  pages     = {1187-1198},
}

@inproceedings{li05:constraint,
  author    = {J. Jenny Li and
               W. Eric Wong and
               Xiao Ma and
               David Weiss},
  title     = {A Constraint Solver for Code-based Test Data Generation.},
  booktitle = {Proc. 17th International Conference on Software
               Engineering and Knowledge Engineering},
  year      = {2005},
  pages     = {300-305},
}

@inproceedings{li05:prioritize,
  author    = {J. Jenny Li},
  title     = {Prioritize Code for Testing to Improve Code Coverage of
               Complex Software.},
  booktitle = {Proc. 16th International Symposium on Software Reliability Engineering},
  year      = {2005},
  pages     = {75-84},
}


@inproceedings{boshernitsan06:daikon,
 author = {Marat Boshernitsan and Roongko Doong and Alberto Savoia},
 title = {From daikon to agitator: lessons and challenges in building a commercial tool for developer testing},
 booktitle = {Proc. 2006 International Symposium on Software Testing and Analysis},
 year = {2006},
 pages = {169--180},
 location = {Portland, Maine, USA},
}


@article{tillmann06:unit,
 author = {Nikolai Tillmann and Wolfram Schulte},
 title = {Unit Tests Reloaded: Parameterized Unit Testing with Symbolic Execution},
 journal = {IEEE Softw.},
 volume = {23},
 number = {4},
 year = {2006},
 pages = {38--47},
}

@INPROCEEDINGS{engler07:under,
  author = {Dawson Engler and Daniel Dunbar},
  title = {Under-constrained execution: making automatic code destruction easy and scalable},
  booktitle = {Proc. International Symposium on Software Testing and Analysis},
  year = {2007},
  pages = {1--4},
}


@article{ferguson96:chaining,
 author = {Roger Ferguson and Bogdan Korel},
 title = {The chaining approach for software test data generation},
 journal = {ACM Trans. Softw. Eng. Methodol.},
 volume = {5},
 number = {1},
 year = {1996},
 pages = {63--86},
 }

@inproceedings{wappler05:using,
 author = {Stefan Wappler and Frank Lammermann},
 title = {Using evolutionary algorithms for the unit testing of object-oriented software},
 booktitle = {Proc. 2005 Conference on Genetic and Evolutionary Computation},
 year = {2005},
 pages = {1053--1060},
 location = {Washington DC, USA},
 }

@inproceedings{anand06:symbolic,
  author    = {Saswat Anand and
               Corina S. Pasareanu and
               Willem Visser},
  title     = {Symbolic Execution with Abstract Subsumption Checking},
  booktitle = {Proc. 13th International SPIN Workshop on Model Checking Software},
  year      = {2006},
  pages     = {163-181},
}


@article{kung95:developing,
 author = {David Kung and Jerry Gao and Pei Hsia and Yasufumi Toyoshima and Chris Chen and Young-Si Kim and Young-Kee Song},
 title = {Developing an object-oriented software testing and maintenance environment},
 journal = {Commun. ACM},
 volume = {38},
 number = {10},
 year = {1995},
 pages = {75--87},
}

@inproceedings{tracey98:automated,
 author = {Nigel Tracey and John Clark and Keith Mander},
 title = {Automated program flaw finding using simulated annealing},
 booktitle = {Proc. 1998 ACM SIGSOFT International Symposium on Software Testing and Analysis},
 year = {1998},
 pages = {73--81},
 location = {Clearwater Beach, Florida},
}

@inproceedings{liu05:unified,
  author    = {Xiyang Liu and
               Hehui Liu and
               Bin Wang and
               Ping Chen and
               Xiyao Cai},
  title     = {A unified fitness function calculation rule for flag conditions
               to improve evolutionary testing.},
  booktitle = {Proc. 20th IEEE International Conference on Automated Software Engineering},
  year      = {2005},
  pages     = {337-341},
}


@BOOK{dijkstra76:discipline,
  title = {A Discipline of Programming},
  publisher = {Prentice Hall, Englewood Cliffs},
  year = {1976},
  author = {EdsgerW. Dijkstra},
}


@techreport{saxe99checking,
    author = "{K. Rustan M. Leino, James B. Saxe} and Raymie Stata",
    title = "Checking {Java} programs via guarded commands",
    number = "1999-002",
    address = "Palo Alto, CA",
    year = "1999",
}


@inproceedings{barbett05:boogie,
  author    = {Michael Barnett and
               Bor-Yuh Evan Chang and
               Robert DeLine and
               Bart Jacobs and
               K. Rustan M. Leino},
  title     = {Boogie: A Modular Reusable Verifier for Object-Oriented
               Programs},
  booktitle = {Proc. 4th International Symposium on Formal Methods for Components and Objects},
  year      = {2005},
  pages     = {364-387},
}


@article{mcminn04:search,
 author = {Phil McMinn},
 title = {Search-based software test data generation: a survey: Research Articles},
 journal = {Softw. Test. Verif. Reliab.},
 volume = {14},
 number = {2},
 year = {2004},
 pages = {105--156},
 }

@inproceedings{barnett04:specsharp,
  author    = {Mike Barnett and K. Rustan M. Leino and Wolfram Schulte},
  title     = {The Spec\# programming system: An overview},
  booktitle = {Proc. International Workshop on Construction and Analysis of Safe, Secure, and Interoperable Smart Devices},
  year      = {2004},
  pages     = {49-69},
}

@INPROCEEDINGS{vokolos97:pythia,
    AUTHOR = "Filippos I. Vokolos and Phyllis G. Frankl",
    TITLE = "Pythia:  A regression test selection tool based on text differencing",
    BOOKTITLE = {{IFIP TC5 WG5.4 3rd Internatinal Conference on Reliability, Quality and Safety of Software-intensive Systems}},
    pages = "3-21",
    YEAR = "1997",
}


@article{harrold93:methodology,
author = {Mary Jean Harrold and Rajiv Gupta and Mary Lou Soffa},
title = {A methodology for controlling the size of a test suite},
journal = {ACM Transactions on Software Engineering and Methodology},
volume = 2,
number = 3,
pages = {270--285},
month = jul,
year = 1993
}

@article{rothermel01:test,
    author = {Gregg Rothermel and Roland J. Untch and Chengyun Chu and M.J. Harrold},
    journal = {IEEE Transactions on Software Engineering},
    volume = {27},
    number = {10},
    pages = {929--948},
    title = {{Test Case Prioritization}},
    year = {2001},
    month = {October},
}

@article{korel92:dynamic,
  author    = {Bogdan Korel},
  title     = {Dynamic Method of Software Test Data Generation.},
  journal   = {Softw. Test., Verif. Reliab.},
  volume    = {2},
  number    = {4},
  year      = {1992},
  pages     = {203-213}
}

@inproceedings{gupta00:generating,
  author    = {Neelam Gupta and
               Aditya P. Mathur and
               Mary Lou Soffa},
  title     = {Generating Test Data for Branch Coverage},
  booktitle = {International Conference on Automated Software Engineering},
  year      = {2000},
  pages     = {219-228},
}

@Article{howden77:symbolic,
  author =       {William E. Howden},
  title =        {Symbolic Testing and the {DISSECT} Symbolic Evaluation System},
  journal =      {IEEE Transaction Software Engineering},
  year =         1977,
  volume =       3,
  number =       4,
  pages =        {266-278}
}


@inproceedings{anand06:symbolic,
  author    = {Saswat Anand and
               Corina S. Pasareanu and
               Willem Visser},
  title     = {Symbolic Execution with Abstract Subsumption Checking},
  booktitle = {Proc. 13th International SPIN Workshop on Model Checking Software},
  year      = {2006},
  pages     = {163-181},
}

@inproceedings{csallner06:dsd,
 author = {Christoph Csallner and Yannis Smaragdakis},
 title = {DSD-Crasher: a hybrid analysis tool for bug finding},
 booktitle = {Proc. International Symposium on Software Testing and Analysis},
 year = {2006},
 pages = {245--254},
}

@inproceedings{sen06:jcute,
  author =       {Koushik Sen and Gul Agha},
  title =    {{CUTE and jCUTE}: Concolic Unit Testing and Explicit Path Model-Checking Tools},
  booktitle =  {Proc. 18th International Conference on Computer Aided Verification},
  year =  2006,
  pages =  "419--423",
}

@INPROCEEDINGS{sen05:cute,
  author = {Koushik Sen and Darko Marinov and Gul Agha},
  title = {{CUTE}: A Concolic Unit Testing Engine for {C}},
  booktitle = {Proc. 5th joint meeting of the European Software Engineering Conference
    and ACM SIGSOFT Symposium on the Foundations of Software Engineering
    (ESEC/FSE)},
  year = {2005},
  pages = {263--272},
}

@inproceedings{cadar06:exe,
 author = {Cristian Cadar and Vijay Ganesh and Peter M. Pawlowski and David L. Dill and Dawson R. Engler},
 title = {{EXE}: automatically generating inputs of death},
 booktitle = {Proc. 13th ACM Conference on Computer and Communications Security},
 year = {2006},
 pages = {322--335},
 location = {Alexandria, Virginia},
}

@inproceedings{godefroid07:compositional,
 author = {Patrice Godefroid},
 title = {Compositional dynamic test generation},
 booktitle = {Proc. 34th ACM SIGPLAN-SIGACT Symposium on Principles of Programming Languages},
 year = {2007},
 pages = {47--54},
 location = {Nice, France},
}

@article{clarke85:applications,
  author    = {Lori A. Clarke and Debra J. Richardson},
  title     = {Applications of symbolic evaluation.},
  journal   = {Journal of Systems and Software},
  volume    = {5},
  number    = {1},
  year      = {1985},
  month     = {{February}},
  pages     = {15--35},
}

@inproceedings{elbaum06:dut,
  author    = {Sebastian Elbaum and Hui Nee Chin and Matthew Dwyer and Jonathan Dokulil},
  title     = {Carving differential unit test cases from system test cases},
  booktitle = {Proc. 14th ACM SIGSOFT International Symposium on Foundations of Software Engineering},
  year      = {2006},
  pages     = {253-264},
}


@inproceedings{ullman05:gradiance,
  author    = {Jeffrey D. Ullman},
  title     = {Gradiance On-Line Accelerated Learning.},
  booktitle = {Proc. 28th Australasian Computer Science Conference},
  year      = {2005},
  pages     = {3-6},
}



@MISC{gradiance07,
   title = {Gradiance},
   year = {2007},
   note = {\url{http://www.gradiance.com/}},
}

@inproceedings{elbaum07:bug,
 author = {Sebastian Elbaum and Suzette Person and Jon Dokulil and Matt Jorde},
 title = {Bug Hunt: Making Early Software Testing Lessons Engaging and Affordable},
 booktitle = {Proc. 29th International Conference on Software Engineering},
 year = {2007},
 pages = {688--697},
 }


@PHDTHESIS{tong01:active,
  author = {Simon Tong},
  title = {Active Learning: Theory and Applications.},
  school = {Stanford University Department of Computer Science},
  year = {2001},
  type = {{Ph.D.}},
  address = {Stanford, CA},
  month = {August},
}

@MISC{mercury05:winrunner,
  title = {{Mercury WinRunner}},
  year = {2005},
  note = {\url{http://www.mercury.com/us/products/quality-center/functional-testing/winrunner/}},
  key = {WinRunner},
}

@MISC{seqpine05:qawizard,
  title = {{Seapine QA Wizard}},
  year = {2005},
  note = {\url{http://www.seapine.com/qawizard.html}},
  key = {QA Wizard},
}

@MISC{automatedqa05:testcomplete,
  title = {{AutomatedQA TestComplete}},
  year = {2005},
  note = {\url{http://automatedqa.com/products/testcomplete/}},
  key = {Test Complete},
}

@MISC{segue05:silktest,
  title = {{Segue SilkTest}},
  year = {2005},
  note = {\url{http://www.segue.com/products/functional-regressional-testing/silktest.asp}},
  key = {Segue SilkTest},
}

@MISC{parasoft05:jtest,
  title = {Parasoft {J}test},
  year = {2005},
  note = {\url{http://www.parasoft.com/jsp/products/home.jsp?product=Jtest}},
  key = {Parasoft Jtest},
}

@MISC{silvermark05:testmentor,
  title = {SilverMark Test Mentor},
  year = {2005},
  note = {\url{http://www.silvermark.com/Product/java/stm/}},
  key = {Test Mentor},
}


@inproceedings{bowring04:active,
 author = {James F. Bowring and James M. Rehg and Mary Jean Harrold},
 title = {Active learning for automatic classification of software behavior},
 booktitle = {Proc. ACM SIGSOFT International Symposium on Software Testing and Analysis},
 year = {2004},
 pages = {195--205},
 location = {Boston, Massachusetts},
}

@ARTICLE{cohn94:improving,
  author = {David A. Cohn and Les Atlas and Richard E. Ladner},
  title = {Improving generalization with active learning},
  journal = {Machine Learning},
  year = {1994},
  volume = {15},
  pages = {201--221},
  number = {2},
}

@inproceedings{brun04:finding,
 author = {Yuriy Brun and Michael D. Ernst},
 title = {Finding Latent Code Errors via Machine Learning over Program Executions},
 booktitle = {Proc. 26th International Conference on Software Engineering},
 year = {2004},
 pages = {480--490},
 }

@inproceedings{haran05:applying,
 author = {Murali Haran and Alan Karr and Alessandro Orso and Adam Porter and Ashish Sanil},
 title = {Applying classification techniques to remotely-collected program execution data},
 booktitle = {Proc. 10th European Software Engineering Conference held jointly with 13th ACM SIGSOFT International Symposium on Foundations of Software Engineering},
 year = {2005},
 pages = {146--155},
 location = {Lisbon, Portugal},
}

@inproceedings{podgurski03:automated,
 author = {Andy Podgurski and David Leon and Patrick Francis and Wes Masri and Melinda Minch and Jiayang Sun and Bin Wang},
 title = {Automated support for classifying software failure reports},
 booktitle = {Proc. 25th International Conference on Software Engineering},
 year = {2003},
 pages = {465--475},
 location = {Portland, Oregon},
 }

@inproceedings{xiao05:software,
 author = {Gang Xiao and Finnegan Southey and Robert C. Holte and Dana Wilkinson},
 title = {Software Testing by Active Learning for Commercial Games},
 booktitle = {Proc. 20th National Conference on Artificial Intelligence (AAAI-2005)},
 year = {2005},
 month = {July},
 pages = {898--903},
 location = {Portland, Oregon},
 }

@article{bergadano96:testing,
 author = {Francesco Bergadano and Daniele Gunetti},
 title = {Testing by means of inductive program learning},
 journal = {ACM Trans. Softw. Eng. Methodol.},
 volume = {5},
 number = {2},
 year = {1996},
 issn = {1049-331X},
 pages = {119--145},
 }

@article{weyuker83:assessing,
 author = {Elaine J. Weyuker},
 title = {Assessing Test Data Adequacy through Program Inference},
 journal = {ACM Trans. Program. Lang. Syst.},
 volume = {5},
 number = {4},
 year = {1983},
 issn = {0164-0925},
 pages = {641--655},
 }

@BOOK{mitchell00:machine,
  title = {Machine Learning},
  publisher = {McGraw Hill},
  year = {1997},
  author = {T. Mitchell},
}

@MISC{robot05:robot,
  title = {{IBM} {R}ational {R}obot},
  year = {2005},
  note = {\url{http://www-306.ibm.com/software/awdtools/tester/robot/}},
  key = {Robot},
}

@INPROCEEDINGS{hao05:similarity,
author =   "Dan Hao and Ying Pan and Lu Zhang and Hong Mei and Jiasu Sun",
title =   "A Similarity-Aware Approach to Testing Based Fault Localizaton.",
booktitle =   "Proc. 20th IEEE Internation Conference on Automated Software Engineering",
year =   "2005",
pages =   "291-294",
}

@INPROCEEDINGS{baudry06:improving,
author =   "Benoit Baudry and Franck Fleurey and Yves Le Traon",
title =   "Improving Test Suites for Efficient Fault Localization.",
booktitle =   "Proc. 28th Internation Conference on Software Engineering",
year =   "2006",
pages =   "82-91",
}

@INPROCEEDINGS{cleve05:locating,
   author =   "Holger Cleve and Andreas Zeller",
   title =   "Locating Causes of Program Failure",
   booktitle =   "Proc. 27th Internation Conference on Software Engineering",
   year =   "2005",
   pages =   "342-351",
}

@INPROCEEDINGS{jones02:visualization,
  author = {James A. Jones and Mary Jean Harrold and John Stasko},
  title = {Visualization of test information to assist fault localization},
  booktitle = {Proc. 24th International Conference on Software Engineering},
  year = {2002},
  pages = {467--477},
  doi = {http://doi.acm.org/10.1145/581339.581397},
  location = {Orlando, Florida},
}

@inproceedings{gupta05:locating,
 author = {Neelam Gupta and Haifeng He and Xiangyu Zhang and Rajiv Gupta},
 title = {Locating faulty code using failure-inducing chops},
 booktitle = {Proc. 20th IEEE/ACM International Conference on Automated Software Engineering},
 year = {2005},
 pages = {263--272},
 location = {Long Beach, CA},
 }

@inproceedings{zhang06:locating,
 author = {Xiangyu Zhang and Neelam Gupta and Rajiv Gupta},
 title = {Locating faults through automated predicate switching},
 booktitle = {Proc. 28th International Conference on Software Engineering},
 year = {2006},
 pages = {272--281},
 location = {Shanghai, China},
}

@article{zeller02:simplifying,
 author = {Andreas Zeller and Ralf Hildebrandt},
 title = {Simplifying and Isolating Failure-Inducing Input},
 journal = {IEEE Trans. Softw. Eng.},
 volume = {28},
 number = {2},
 year = {2002},
 pages = {183--200},
 }

@inproceedings{choi02:isolating,
 author = {Jong-Deok Choi and Andreas Zeller},
 title = {Isolating failure-inducing thread schedules},
 booktitle = {Proc. 2002 ACM SIGSOFT International Symposium on Software Testing and Analysis},
 year = {2002},
 pages = {210--220},
 location = {Roma, Italy},
}

@INPROCEEDINGS{renieris03:fault,
   author =   " Manos Renieris and Steven P. Reiss",
   title =   "Fault Localization with Nearest Neighbour Queries",
   booktitle =   "Proc. 18th IEEE Internation Conference on Automated Software Engineering",
   month = "",
   number = "",
   year =   "2003",
   volume =   "",
   pages =   "30-39",
}

@inproceedings{liu06:failure,
 author = {Chao Liu and Jiawei Han},
 title = {Failure Proximity: A Fault Localization-Based Approach},
 booktitle = {Proc. 14th ACM SIGSOFT Symposium on the Foundations of Software Engineering},
 year = {2006},
 month = {November},
 location = {Portland, USA},
 }

@inproceedings{liu06:how,
 author = {Chao Liu and Zeng Lian and Jiawei Han},
 title = {How Bayesians Debug},
 booktitle = {Proc. 6th IEEE International Conference on Data Mining},
 year = {2006},
 month = {December},
 location = {HongKong, China},
 }

@inproceedings{liu06:gplag,
 author = {Chao Liu and Chen Chen and Jiawei Han and Philip S. Yu},
 title = {{GPLAG}: detection of software plagiarism by program dependence graph analysis},
 booktitle = {Proc. 12th ACM SIGKDD International Conference on Knowledge Discovery and Data Mining},
 year = {2006},
 pages = {872--881},
 location = {Philadelphia, PA},
 }

@proceedings{liu06:mining,
  editor    = {Chao Liu and Xifeng Yan and Jiawei Han},
  title     = {Mining Control Flow Abnormality for Logic Error Isolation},
  booktitle     = {Proc. 6th SIAM International Conference on Data Mining},
  year      = {2006},
  month = {April},
  location = {Bethesda, MD},
}

@inproceedings{liu05:miningnoncrash,
  author    = {Chao Liu and
               Xifeng Yan and
               Hwanjo Yu and
               Jiawei Han and
               Philip S. Yu},
  title     = {Mining Behavior Graphs for "Backtrace" of Noncrashing Bugs},
  booktitle = {Proc. 5th SIAM International Data Mining Conference},
  year      = {2005},
}

@inproceedings{liu05:sober,
 author = {Chao Liu and Xifeng Yan and Long Fei and Jiawei Han and Samuel P. Midkiff},
 title = {SOBER: statistical model-based bug localization},
 booktitle = {Proc. 10th European Software Engineering Conference held jointly with 13th ACM SIGSOFT International Symposium on Foundations of Software Engineering},
 year = {2005},
 pages = {286--295},
 location = {Lisbon, Portugal},
}

@inproceedings{dallmeier05:lightweight,
  author    = {Valentin Dallmeier and
               Christian Lindig and
               Andreas Zeller},
  title     = {Lightweight Defect Localization for Java.},
  booktitle = {Proc. 19th European Conference on Object-Oriented Programming},
  month = {July},
  year      = {2005},
  pages     = {528-550},
  location = {Glasgow, UK},
}

@incollection {ben04:statistical,
  author = " Alice X. Zheng and  Michael I. Jordan and  Ben Liblit and  Alex Aiken",
  title = " Statistical Debugging of Sampled Programs",
  booktitle = "Advances in Neural Information Processing Systems 16",
  year = "2004",
  }


@inproceedings{liblit05:scalable,
 author = {Ben Liblit and Mayur Naik and Alice X. Zheng and Alex Aiken and Michael I. Jordan},
 title = {Scalable statistical bug isolation},
 booktitle = {Proc. ACM SIGPLAN Conference on Programming Language Design and Implementation},
 year = {2005},
 pages = {15--26},
 location = {Chicago, IL, USA},
 }

@inproceedings{lei05:minimizing,
 author = {Yong Lei and James H. Andrews},
 title = {Minimization of Randomized Unit Test Cases},
 booktitle = {Proc. 16th IEEE International Symposium on Software Reliability Engineering},
 year = {2005},
 pages = {267--276},
}

@article{do05:supporting,
 author = {Hyunsook Do and Sebastian Elbaum and Gregg Rothermel},
 title = {Supporting Controlled Experimentation with Testing Techniques: An Infrastructure and its Potential Impact},
 journal = {Empirical Softw. Engg.},
 volume = {10},
 number = {4},
 year = {2005},
 pages = {405--435},
 }

@MISC{unl06:sir,
  title = {{Software-artifact Infrastructure Repository (SIR)}},
  year = {Accessed on October 2006},
  note = {\url{http://sir.unl.edu/portal/index.html}},
}

@article{liu06:sobertse,
 author = {Chao Liu and Long Fei and Xifeng Yan and Jiawei Han and Samuel P. Midkiff},
 title = {Statistical Debugging: A Hypothesis Testing-based Approach},
 journal = {IEEE Transaction on Software Engineering},
   volume = {32},
   number = {10},
   year = {2006},
}

@Article{rothermel98:experimental,
   author =   "Gregg Rothermel and Mary Jean Harrold",
   title =   "Experimental Studies of a Safe Regression Test Selection Technique",
   journal =   "IEEE Transactions on Software Engineering",
   month = "",
   number = "6",
   year =   "1998",
   volume =   "24",
   pages =   "401-419",
}

@inproceedings{vokolos98:empirical,
 author = {Filippos I. Vokolos and Phyllis G. Frankl},
 title = {Empirical Evaluation of the Textual Differencing Regression Testing Technique},
 booktitle = {Proc. International Conference on Software Maintenance},
 year = {1998},
 pages = {44--53},
 }


@article{rodger06:learning,
 author = {Susan Rodger},
 title = {Learning automata and formal languages interactively with {JFLAP}},
 journal = {SIGCSE Bull.},
 volume = {38},
 number = {3},
 year = {2006},
 pages = {360--360},
 }


@MISC{rodger06:jflap,
 author = {Susan Rodger},
  title = {{JFLAP}},
  year = {2006},
  note = {\url{http://www.cs.duke.edu/csed/jflap/}},
}

@inproceedings{astrachan98:animation,
 author = {Owen Astrachan and Susan H. Rodger},
 title = {Animation, visualization, and interaction in CS 1 assignments},
 booktitle = {Proc. 29th SIGCSE Technical Symposium on Computer Science Education},
 year = {1998},
 pages = {317--321},
 location = {Atlanta, Georgia, United States},
}

@inproceedings{gustafson00:adversarial,
 author = {David Gustafson and Matt Dwyer},
 title = {Work in Progress: The Adversarial Testing System},
 booktitle = {Proc. 30th ASEE/IEEE Frontiers in Education Conference},
 year = {2000},
 pages = {19--20},
}


@inproceedings{hilburn00:software,
 author = {Thomas B. Hilburn and Massood Townhidnejad},
 title = {Software quality: a curriculum postscript?},
 booktitle = {Proc. 21 SIGCSE Technical Symposium on Computer Science Education},
 year = {2000},
 pages = {167--171},
 location = {Austin, Texas, United States},
 }


@inproceedings{edward01:experiential,
  author = "Edward Jones Edward",
  title = "An Experiential Approach To Incorporating Software Testing Into The Computer
    Science Curriculum",
  booktitle = "ASEE/IEEE Frontiers in Education Conference",
  pages = {F3D},
  month = {October},
  year = {2001},
  }


@article{roberge94:using,
 author = {James Roberge and Candice Suriano},
 title = {Using laboratories to teach software engineering principles in the introductory computer science curriculum},
 journal = {SIGCSE Bull.},
 volume = {26},
 number = {1},
 year = {1994},
 pages = {106--110},
 }


@inproceedings{goldwasser02:gimmick,
 author = {Michael H. Goldwasser},
 title = {A gimmick to integrate software testing throughout the curriculum},
 booktitle = {Proc. 33rd SIGCSE Technical Symposium on Computer Science Education},
 year = {2002},
 pages = {271--275},
 location = {Cincinnati, Kentucky},
 }


@inproceedings{lonnberg04:mvt,
 author = {Jan Lonnberg and Ari Korhonen and Lauri Malmi},
 title = {{MVT}: a system for visual testing of software},
 booktitle = {Proc. Working Conference on Advanced Visual Interfaces},
 year = {2004},
 isbn = {1-58113-867-9},
 location = {Gallipoli, Italy},
 }


@inproceedings{baker99:testers,
 author = {Ryan S. Baker and Michael Boilen and Michael T. Goodrich and Roberto Tamassia and B. Aaron Stibel},
 title = {Testers and visualizers for teaching data structures},
 booktitle = {Proc. 30th SIGCSE Technical Symposium on Computer Science Education},
 year = {1999},
 pages = {261--265},
 location = {New Orleans, Louisiana, United States},
 }


@inproceedings{turner01:javiva,
 author = {Joseph A. Turner and Joseph L. Zachary},
 title = {Javiva: a tool for visualizing and validating student-written {Java} programs},
 booktitle = {Proc. 32th SIGCSE Technical Symposium on Computer Science Education},
 year = {2001},
 pages = {45--49},
 location = {Charlotte, North Carolina, United States},
 }


@inproceedings{robling00:animal,
 author = {Guido Robling and Markus Schuer and Bernd Freisleben},
 title = {The {ANIMAL} algorithm animation tool},
 booktitle = {Proc. 5th Annual SIGCSE/SIGCUE ITiCSEconference on Innovation and Technology in Computer Science Education},
 year = {2000},
 pages = {37--40},
 location = {Helsinki, Finland},
 }


@article{parker06:effective,
 author = {Brenda Parker and Ian Mitchell},
 title = {Effective methods for learning: a study in visualization},
 journal = {J. Comput. Small Coll.},
 volume = {22},
 number = {2},
 year = {2006},
 pages = {176--182},
 }


@article{kehoe01:rethinking,
 author = {Colleen Kehoe and John Stasko and Ashley Taylor},
 title = {Rethinking the evaluation of algorithm animations as learning aids: an observational study},
 journal = {Int. J. Hum.-Comput. Stud.},
 volume = {54},
 number = {2},
 year = {2001},
 issn = {1071-5819},
 pages = {265--284},
 }


@inproceedings{ko04:designing,
 author = {Andrew J. Ko and Brad A. Myers},
 title = {Designing the whyline: a debugging interface for asking questions about program behavior},
 booktitle = {Proc. SIGCHI Conference on Human Factors in Computing Systems},
 year = {2004},
 pages = {151--158},
 location = {Vienna, Austria},
 }


@INPROCEEDINGS{spacco06:experiences,
  AUTHOR = {Jaime Spacco and David Hovemeyer and William Pugh and Jeff Hollingsworth and Nelson Padua-Perez and Fawzi Emad},
  TITLE = {Experiences with Marmoset: Designing and Using an Advanced Submission and Testing System for Programming Courses},
  PDF = {papers/spacco-iticse2006.pdf},
  BOOKTITLE = {Proc. 11th Annual Conference on Innovation and Technology in Computer Science Education},
  LOCATION = {Bologna, Italy},
  DATE = {June 26--28},
  YEAR = {2006},
}


@MISC{mediawiki07,
   title = {MediaWiki},
   year = {2007},
   note = {\url{http://www.mediawiki.org/wiki/MediaWiki}},
}

@MISC{mp3cdbrowser07,
   title = {mp3cdbrowser},
   year = {2007},
   note = {\url{http://mp3cdbrowser.sourceforge.net/}},
}

@MISC{bookstore07,
   title = {Bookstore database application},
   year = {2007},
   note = {\url{http://www.gotocode.com/}},
}

@inproceedings{halfond06:command,
 author = {William G. J. Halfond and Alessandro Orso},
 title = {Command-Form Coverage for Testing Database Applications},
 booktitle = {Proc. 21st IEEE/ACM International Conference on Automated Software Engineering},
 year = {2006},
 pages = {69--80},
}


@MISC{compiere07,
   title = {Compiere enterprise software},
   year = {2007},
   note = {\url{http://www.compiere.com/}},
}


@inproceedings{willmor05:safe,
 author = {David Willmor and Suzanne M. Embury},
 title = {A Safe Regression Test Selection Technique for Database-Driven Applications},
 booktitle = {Proceedings of the 21st IEEE International Conference on Software Maintenance},
 year = {2005},
 pages = {421--430},
}


@article{tuya07:mutating,
 author = {Javier Tuya and Ma Jos\'{e} Su\'{a}rez-Cabal and Claudio de la Riva},
 title = {Mutating database queries},
 journal = {Inf. Softw. Technol.},
 volume = {49},
 number = {4},
 year = {2007},
 pages = {398--417},
 }

@MISC{james07,
   title = {{James (The Apache Java Enterprise Mail Server)}},
   year = {2007},
   note = {\url{http://james.apache.org/}},
}


@MISC{itrust07,
   title = {{iTrust: Role-Based Healthcare}},
   year = {2007},
   note = {\url{http://agile.csc.ncsu.edu/iTrust/}},
}


@inproceedings{williams06:wip,
 author = {Laurie Williams and Yonghee Shin},
 title = {{WIP: Exploring Security and Privacy Concepts through the Development and Testing of the iTrust Medical Records System}},
 booktitle = {Proceedings of Frontiers in Education Conference},
 year = {2006},
 pages = {30--31},
 }

@MISC{secribench07,
   title = {{Stanford SecuriBench}},
   year = {2007},
   note = {\url{http://suif.stanford.edu/~livshits/securibench/}},
}


@InProceedings{securibench05livshits,
  author       = "Benjamin Livshits",
  title        = "Defining a Set of Common Benchmarks for Web Application Security",
  year         = "2005",
  booktitle = {Proceedings of Workshop on Defining the State of the Art in Software Security Tools},
  month        = aug,
}


@article{cusumano97:how,
 author = {Michael A. Cusumano and Richard W. Selby},
 title = {How Microsoft builds software},
 journal = {Commun. ACM},
 volume = {40},
 number = {6},
 year = {1997},
 pages = {53--61},
}


@TECHREPORT{venolia05:software,
  author = {Gina D. Venolia and Robert DeLine and Thomas LaToza},
  title = {Software Development at {Microsoft} Observed},
  institution = {Microsoft Research},
  year = {2005},
  type = {Technical Report},
  number = {MSR-TR-2005-140},
  address = {Redmond, WA},
  month = {October},
}


@article{benson90:incremental,
 author = {Bjorn N. Freeman-Benson and John Maloney and Alan Borning},
 title = {An incremental constraint solver},
 journal = {Commun. ACM},
 volume = {33},
 number = {1},
 year = {1990},
 pages = {54--63},
 }


@article{codd70:relational,
  author    = {E. F. Codd},
  title     = {A Relational Model of Data for Large Shared Data Banks},
  journal   = {Commun. ACM},
  volume    = {13},
  number    = {6},
  year      = {1970},
  pages     = {377-387},
}


@inproceedings{regehr05:random,
 author = {John Regehr},
 title = {Random testing of interrupt-driven software},
 booktitle = {Proceedings of the 5th ACM International Conference on Embedded Software},
 year = {2005},
 pages = {290--298},
 location = {Jersey City, NJ, USA},
}


@article{wegener01:comparison,
 author = {Joachim Wegener and Frank Mueller},
 title = {A Comparison of Static Analysis and Evolutionary Testing for the Verification of Timing Constraints},
 journal = {Real-Time Syst.},
 volume = {21},
 number = {3},
 year = {2001},
 pages = {241--268},
 }


@article{brylow04:deadline,
 author = {Dennis Brylow and Jens Palsberg},
 title = {Deadline Analysis of Interrupt-Driven Software},
 journal = {IEEE Trans. Softw. Eng.},
 volume = {30},
 number = {10},
 year = {2004},
 pages = {634--655},
 }

@BOOK{broekman02:testing,
  title = {Testing Embedded Software},
  publisher = {Addison Wesley},
  year = {2002},
  author = {Bart Broekman and Edwin Notenboom},
}


@InProceedings{ben2004stat,
  author =   {A. Zheng and M. Jordan and B. Liblit and A. Aiken},
  title =    {Statistical Debugging of Sampled Programs},
  booktitle =  {Advances in Neural Information Processing Systems 16},
  year =     {2004},
}

@InProceedings{ben2005,
  author =   {B. Liblit and M. Naik and A. Zheng and A. Aiken and M. Jordan},
  title = {Scalable Statistical Bug Isolation},
  booktitle = {Proc. of ACM SIGPLAN 2005 Int. Conf. on Programming Language Design and Implementation (PLDI'05)},
  year =     {2005},
}




@MISC{valgrind08,
   title = {Valgrind},
   year = {2008},
   note = {\url{http://valgrind.org/}},
}

@MISC{pin08,
   title = {PIN},
   year = {2008},
   note = {\url{http://rogue.colorado.edu/Pin/index.html}},
}
